%YAML 1.1
%TAG !u! tag:unity3d.com,2011:
--- !u!1 &7299525898109243499
GameObject:
  m_ObjectHideFlags: 0
  m_CorrespondingSourceObject: {fileID: 0}
  m_PrefabInstance: {fileID: 0}
  m_PrefabAsset: {fileID: 0}
  serializedVersion: 6
  m_Component:
  - component: {fileID: 7299525898109243496}
  - component: {fileID: 7299525898109243497}
  - component: {fileID: 7299525898109243498}
  m_Layer: 0
  m_Name: ActiveEnemy
  m_TagString: Untagged
  m_Icon: {fileID: 0}
  m_NavMeshLayer: 0
  m_StaticEditorFlags: 0
  m_IsActive: 1
--- !u!4 &7299525898109243496
Transform:
  m_ObjectHideFlags: 0
  m_CorrespondingSourceObject: {fileID: 0}
  m_PrefabInstance: {fileID: 0}
  m_PrefabAsset: {fileID: 0}
  m_GameObject: {fileID: 7299525898109243499}
  m_LocalRotation: {x: 0, y: 0, z: 0, w: 1}
  m_LocalPosition: {x: 2.66, y: 0.5, z: 2.86}
  m_LocalScale: {x: 1, y: 1, z: 1}
  m_Children:
  - {fileID: 7299525898343374574}
  m_Father: {fileID: 0}
  m_RootOrder: 0
  m_LocalEulerAnglesHint: {x: 0, y: 0, z: 0}
--- !u!65 &7299525898109243497
BoxCollider:
  m_ObjectHideFlags: 0
  m_CorrespondingSourceObject: {fileID: 0}
  m_PrefabInstance: {fileID: 0}
  m_PrefabAsset: {fileID: 0}
  m_GameObject: {fileID: 7299525898109243499}
  m_Material: {fileID: 0}
  m_IsTrigger: 1
  m_Enabled: 1
  serializedVersion: 2
  m_Size: {x: 3.37, y: 1, z: 3.27}
  m_Center: {x: 0, y: 0, z: 0}
--- !u!114 &7299525898109243498
MonoBehaviour:
  m_ObjectHideFlags: 0
  m_CorrespondingSourceObject: {fileID: 0}
  m_PrefabInstance: {fileID: 0}
  m_PrefabAsset: {fileID: 0}
  m_GameObject: {fileID: 7299525898109243499}
  m_Enabled: 1
  m_EditorHideFlags: 0
  m_Script: {fileID: 11500000, guid: cd94eac5d2554044b9030c49da46ce89, type: 3}
  m_Name: 
  m_EditorClassIdentifier: 
  enemies:
  - {fileID: 7299525898343374561}
  enemyPosition: {fileID: 0}
  enemyCount: 0
--- !u!1001 &7967781283470307308
PrefabInstance:
  m_ObjectHideFlags: 0
  serializedVersion: 2
  m_Modification:
    m_TransformParent: {fileID: 7299525898109243496}
    m_Modifications:
    - target: {fileID: 855155055496900873, guid: a6912df8f62ece64ead63830142d6daf,
        type: 3}
      propertyPath: m_Name
      value: Capsule
      objectReference: {fileID: 0}
    - target: {fileID: 855155055496900866, guid: a6912df8f62ece64ead63830142d6daf,
        type: 3}
      propertyPath: m_LocalPosition.x
      value: 1.3599999
      objectReference: {fileID: 0}
    - target: {fileID: 855155055496900866, guid: a6912df8f62ece64ead63830142d6daf,
        type: 3}
      propertyPath: m_LocalPosition.y
      value: -0.25
      objectReference: {fileID: 0}
    - target: {fileID: 855155055496900866, guid: a6912df8f62ece64ead63830142d6daf,
        type: 3}
      propertyPath: m_LocalPosition.z
      value: 1.2900002
      objectReference: {fileID: 0}
    - target: {fileID: 855155055496900866, guid: a6912df8f62ece64ead63830142d6daf,
        type: 3}
      propertyPath: m_LocalRotation.x
      value: -0
      objectReference: {fileID: 0}
    - target: {fileID: 855155055496900866, guid: a6912df8f62ece64ead63830142d6daf,
        type: 3}
      propertyPath: m_LocalRotation.y
      value: -0
      objectReference: {fileID: 0}
    - target: {fileID: 855155055496900866, guid: a6912df8f62ece64ead63830142d6daf,
        type: 3}
      propertyPath: m_LocalRotation.z
      value: -0
      objectReference: {fileID: 0}
    - target: {fileID: 855155055496900866, guid: a6912df8f62ece64ead63830142d6daf,
        type: 3}
      propertyPath: m_LocalRotation.w
      value: 1
      objectReference: {fileID: 0}
    - target: {fileID: 855155055496900866, guid: a6912df8f62ece64ead63830142d6daf,
        type: 3}
      propertyPath: m_RootOrder
      value: 0
      objectReference: {fileID: 0}
    - target: {fileID: 855155055496900866, guid: a6912df8f62ece64ead63830142d6daf,
        type: 3}
      propertyPath: m_LocalEulerAnglesHint.x
      value: 0
      objectReference: {fileID: 0}
    - target: {fileID: 855155055496900866, guid: a6912df8f62ece64ead63830142d6daf,
        type: 3}
      propertyPath: m_LocalEulerAnglesHint.y
      value: 0
      objectReference: {fileID: 0}
    - target: {fileID: 855155055496900866, guid: a6912df8f62ece64ead63830142d6daf,
        type: 3}
      propertyPath: m_LocalEulerAnglesHint.z
      value: 0
      objectReference: {fileID: 0}
    m_RemovedComponents: []
  m_SourcePrefab: {fileID: 100100000, guid: a6912df8f62ece64ead63830142d6daf, type: 3}
--- !u!4 &7299525898343374574 stripped
Transform:
  m_CorrespondingSourceObject: {fileID: 855155055496900866, guid: a6912df8f62ece64ead63830142d6daf,
    type: 3}
  m_PrefabInstance: {fileID: 7967781283470307308}
  m_PrefabAsset: {fileID: 0}
--- !u!114 &7299525898343374561 stripped
MonoBehaviour:
  m_CorrespondingSourceObject: {fileID: 855155055496900877, guid: a6912df8f62ece64ead63830142d6daf,
    type: 3}
  m_PrefabInstance: {fileID: 7967781283470307308}
  m_PrefabAsset: {fileID: 0}
  m_GameObject: {fileID: 0}
  m_Enabled: 1
  m_EditorHideFlags: 0
  m_Script: {fileID: 11500000, guid: d7413444b0e74a72bad09ad8150143b6, type: 3}
  m_Name: 
  m_EditorClassIdentifier: 
