%YAML 1.1
%TAG !u! tag:unity3d.com,2011:
--- !u!1 &1206419607057789271
GameObject:
  m_ObjectHideFlags: 0
  m_CorrespondingSourceObject: {fileID: 0}
  m_PrefabInstance: {fileID: 0}
  m_PrefabAsset: {fileID: 0}
  serializedVersion: 6
  m_Component:
  - component: {fileID: 1206419607057789267}
  - component: {fileID: 1206419607057789266}
  - component: {fileID: 1206419607057789269}
  - component: {fileID: 1206419607057789268}
  - component: {fileID: 3212049620464429655}
  - component: {fileID: 3212049620464429652}
  m_Layer: 5
  m_Name: Canvas 1
  m_TagString: Untagged
  m_Icon: {fileID: 0}
  m_NavMeshLayer: 0
  m_StaticEditorFlags: 0
  m_IsActive: 1
--- !u!224 &1206419607057789267
RectTransform:
  m_ObjectHideFlags: 0
  m_CorrespondingSourceObject: {fileID: 0}
  m_PrefabInstance: {fileID: 0}
  m_PrefabAsset: {fileID: 0}
  m_GameObject: {fileID: 1206419607057789271}
  m_LocalRotation: {x: 0, y: 0, z: 0, w: 1}
  m_LocalPosition: {x: 0, y: 0, z: 0}
  m_LocalScale: {x: 0, y: 0, z: 0}
  m_Children:
  - {fileID: 1206419608120507642}
  - {fileID: 5442000477780734093}
  - {fileID: 2881646941055291620}
  m_Father: {fileID: 0}
  m_RootOrder: 0
  m_LocalEulerAnglesHint: {x: 0, y: 0, z: 0}
  m_AnchorMin: {x: 0, y: 0}
  m_AnchorMax: {x: 0, y: 0}
  m_AnchoredPosition: {x: 0, y: 0}
  m_SizeDelta: {x: 0, y: 0}
  m_Pivot: {x: 0, y: 0}
--- !u!223 &1206419607057789266
Canvas:
  m_ObjectHideFlags: 0
  m_CorrespondingSourceObject: {fileID: 0}
  m_PrefabInstance: {fileID: 0}
  m_PrefabAsset: {fileID: 0}
  m_GameObject: {fileID: 1206419607057789271}
  m_Enabled: 1
  serializedVersion: 3
  m_RenderMode: 0
  m_Camera: {fileID: 0}
  m_PlaneDistance: 100
  m_PixelPerfect: 0
  m_ReceivesEvents: 1
  m_OverrideSorting: 0
  m_OverridePixelPerfect: 0
  m_SortingBucketNormalizedSize: 0
  m_AdditionalShaderChannelsFlag: 0
  m_SortingLayerID: 0
  m_SortingOrder: 0
  m_TargetDisplay: 0
--- !u!114 &1206419607057789269
MonoBehaviour:
  m_ObjectHideFlags: 0
  m_CorrespondingSourceObject: {fileID: 0}
  m_PrefabInstance: {fileID: 0}
  m_PrefabAsset: {fileID: 0}
  m_GameObject: {fileID: 1206419607057789271}
  m_Enabled: 1
  m_EditorHideFlags: 0
  m_Script: {fileID: 1980459831, guid: f70555f144d8491a825f0804e09c671c, type: 3}
  m_Name: 
  m_EditorClassIdentifier: 
  m_UiScaleMode: 0
  m_ReferencePixelsPerUnit: 100
  m_ScaleFactor: 1
  m_ReferenceResolution: {x: 800, y: 600}
  m_ScreenMatchMode: 0
  m_MatchWidthOrHeight: 0
  m_PhysicalUnit: 3
  m_FallbackScreenDPI: 96
  m_DefaultSpriteDPI: 96
  m_DynamicPixelsPerUnit: 1
--- !u!114 &1206419607057789268
MonoBehaviour:
  m_ObjectHideFlags: 0
  m_CorrespondingSourceObject: {fileID: 0}
  m_PrefabInstance: {fileID: 0}
  m_PrefabAsset: {fileID: 0}
  m_GameObject: {fileID: 1206419607057789271}
  m_Enabled: 1
  m_EditorHideFlags: 0
  m_Script: {fileID: 1301386320, guid: f70555f144d8491a825f0804e09c671c, type: 3}
  m_Name: 
  m_EditorClassIdentifier: 
  m_IgnoreReversedGraphics: 1
  m_BlockingObjects: 0
  m_BlockingMask:
    serializedVersion: 2
    m_Bits: 4294967295
--- !u!114 &3212049620464429655
MonoBehaviour:
  m_ObjectHideFlags: 0
  m_CorrespondingSourceObject: {fileID: 0}
  m_PrefabInstance: {fileID: 0}
  m_PrefabAsset: {fileID: 0}
  m_GameObject: {fileID: 1206419607057789271}
  m_Enabled: 1
  m_EditorHideFlags: 0
  m_Script: {fileID: 11500000, guid: 88ea7454e971485bbe95d56cdaa66b62, type: 3}
  m_Name: 
  m_EditorClassIdentifier: 
  inventoryUI: {fileID: 2881646941055291643}
  itemsParent: {fileID: 2881646940811215389}
--- !u!114 &3212049620464429652
MonoBehaviour:
  m_ObjectHideFlags: 0
  m_CorrespondingSourceObject: {fileID: 0}
  m_PrefabInstance: {fileID: 0}
  m_PrefabAsset: {fileID: 0}
  m_GameObject: {fileID: 1206419607057789271}
  m_Enabled: 1
  m_EditorHideFlags: 0
  m_Script: {fileID: 11500000, guid: 97a3051213c1c544c8d6e21c88e85edb, type: 3}
  m_Name: 
  m_EditorClassIdentifier: 
  health: 'Health: '
  armor: 'Armor: '
  damage: 'Damage: '
  winning: You are winning!
  gunDamage: 'Gun damage: '
  currentBullet: 'Current ammo: '
  healthText: {fileID: 5442000479253925692}
  armorText: {fileID: 5442000477873153172}
  damageText: {fileID: 0}
  winningText: {fileID: 5442000478278561887}
  gunDamageText: {fileID: 5442000479848218537}
  currentBulletText: {fileID: 5442000479009146133}
--- !u!1 &1206419608120507645
GameObject:
  m_ObjectHideFlags: 0
  m_CorrespondingSourceObject: {fileID: 0}
  m_PrefabInstance: {fileID: 0}
  m_PrefabAsset: {fileID: 0}
  serializedVersion: 6
  m_Component:
  - component: {fileID: 1206419608120507642}
  - component: {fileID: 1206419608120507640}
  - component: {fileID: 1206419608120507643}
  m_Layer: 5
  m_Name: Image
  m_TagString: Untagged
  m_Icon: {fileID: 0}
  m_NavMeshLayer: 0
  m_StaticEditorFlags: 0
  m_IsActive: 1
--- !u!224 &1206419608120507642
RectTransform:
  m_ObjectHideFlags: 0
  m_CorrespondingSourceObject: {fileID: 0}
  m_PrefabInstance: {fileID: 0}
  m_PrefabAsset: {fileID: 0}
  m_GameObject: {fileID: 1206419608120507645}
  m_LocalRotation: {x: 0, y: 0, z: 0, w: 1}
  m_LocalPosition: {x: 0, y: 0, z: 0}
  m_LocalScale: {x: 1, y: 1, z: 1}
  m_Children: []
  m_Father: {fileID: 1206419607057789267}
  m_RootOrder: 0
  m_LocalEulerAnglesHint: {x: 0, y: 0, z: 0}
  m_AnchorMin: {x: 0.5, y: 0.5}
  m_AnchorMax: {x: 0.5, y: 0.5}
  m_AnchoredPosition: {x: 0, y: 0}
  m_SizeDelta: {x: 20, y: 20}
  m_Pivot: {x: 0.5, y: 0.5}
--- !u!222 &1206419608120507640
CanvasRenderer:
  m_ObjectHideFlags: 0
  m_CorrespondingSourceObject: {fileID: 0}
  m_PrefabInstance: {fileID: 0}
  m_PrefabAsset: {fileID: 0}
  m_GameObject: {fileID: 1206419608120507645}
  m_CullTransparentMesh: 0
--- !u!114 &1206419608120507643
MonoBehaviour:
  m_ObjectHideFlags: 0
  m_CorrespondingSourceObject: {fileID: 0}
  m_PrefabInstance: {fileID: 0}
  m_PrefabAsset: {fileID: 0}
  m_GameObject: {fileID: 1206419608120507645}
  m_Enabled: 1
  m_EditorHideFlags: 0
  m_Script: {fileID: -765806418, guid: f70555f144d8491a825f0804e09c671c, type: 3}
  m_Name: 
  m_EditorClassIdentifier: 
  m_Material: {fileID: 0}
  m_Color: {r: 0.1509434, g: 0.14595942, b: 0.14595942, a: 0.972549}
  m_RaycastTarget: 1
  m_OnCullStateChanged:
    m_PersistentCalls:
      m_Calls: []
    m_TypeName: UnityEngine.UI.MaskableGraphic+CullStateChangedEvent, UnityEngine.UI,
      Version=1.0.0.0, Culture=neutral, PublicKeyToken=null
  m_Sprite: {fileID: 21300000, guid: 88549548da36c8b45b28f29285430399, type: 3}
  m_Type: 0
  m_PreserveAspect: 0
  m_FillCenter: 1
  m_FillMethod: 4
  m_FillAmount: 1
  m_FillClockwise: 1
  m_FillOrigin: 0
  m_UseSpriteMesh: 0
--- !u!1001 &3212049621134509093
PrefabInstance:
  m_ObjectHideFlags: 0
  serializedVersion: 2
  m_Modification:
    m_TransformParent: {fileID: 1206419607057789267}
    m_Modifications:
    - target: {fileID: 7428301135951623351, guid: e62ea5297a7b9d148bad572144727639,
        type: 3}
      propertyPath: m_Name
      value: Texts
      objectReference: {fileID: 0}
    - target: {fileID: 7428301135951623336, guid: e62ea5297a7b9d148bad572144727639,
        type: 3}
      propertyPath: m_LocalPosition.x
      value: 0
      objectReference: {fileID: 0}
    - target: {fileID: 7428301135951623336, guid: e62ea5297a7b9d148bad572144727639,
        type: 3}
      propertyPath: m_LocalPosition.y
      value: 0
      objectReference: {fileID: 0}
    - target: {fileID: 7428301135951623336, guid: e62ea5297a7b9d148bad572144727639,
        type: 3}
      propertyPath: m_LocalPosition.z
      value: 0
      objectReference: {fileID: 0}
    - target: {fileID: 7428301135951623336, guid: e62ea5297a7b9d148bad572144727639,
        type: 3}
      propertyPath: m_LocalRotation.x
      value: 0
      objectReference: {fileID: 0}
    - target: {fileID: 7428301135951623336, guid: e62ea5297a7b9d148bad572144727639,
        type: 3}
      propertyPath: m_LocalRotation.y
      value: 0
      objectReference: {fileID: 0}
    - target: {fileID: 7428301135951623336, guid: e62ea5297a7b9d148bad572144727639,
        type: 3}
      propertyPath: m_LocalRotation.z
      value: 0
      objectReference: {fileID: 0}
    - target: {fileID: 7428301135951623336, guid: e62ea5297a7b9d148bad572144727639,
        type: 3}
      propertyPath: m_LocalRotation.w
      value: 1
      objectReference: {fileID: 0}
    - target: {fileID: 7428301135951623336, guid: e62ea5297a7b9d148bad572144727639,
        type: 3}
      propertyPath: m_RootOrder
      value: 1
      objectReference: {fileID: 0}
    - target: {fileID: 7428301135951623336, guid: e62ea5297a7b9d148bad572144727639,
        type: 3}
      propertyPath: m_LocalEulerAnglesHint.x
      value: 0
      objectReference: {fileID: 0}
    - target: {fileID: 7428301135951623336, guid: e62ea5297a7b9d148bad572144727639,
        type: 3}
      propertyPath: m_LocalEulerAnglesHint.y
      value: 0
      objectReference: {fileID: 0}
    - target: {fileID: 7428301135951623336, guid: e62ea5297a7b9d148bad572144727639,
        type: 3}
      propertyPath: m_LocalEulerAnglesHint.z
      value: 0
      objectReference: {fileID: 0}
    - target: {fileID: 7428301135951623336, guid: e62ea5297a7b9d148bad572144727639,
        type: 3}
      propertyPath: m_AnchoredPosition.x
      value: 0
      objectReference: {fileID: 0}
    - target: {fileID: 7428301135951623336, guid: e62ea5297a7b9d148bad572144727639,
        type: 3}
      propertyPath: m_AnchoredPosition.y
      value: 0
      objectReference: {fileID: 0}
    - target: {fileID: 7428301135951623336, guid: e62ea5297a7b9d148bad572144727639,
        type: 3}
      propertyPath: m_SizeDelta.x
      value: 100
      objectReference: {fileID: 0}
    - target: {fileID: 7428301135951623336, guid: e62ea5297a7b9d148bad572144727639,
        type: 3}
      propertyPath: m_SizeDelta.y
      value: 100
      objectReference: {fileID: 0}
    - target: {fileID: 7428301135951623336, guid: e62ea5297a7b9d148bad572144727639,
        type: 3}
      propertyPath: m_AnchorMin.x
      value: 0.5
      objectReference: {fileID: 0}
    - target: {fileID: 7428301135951623336, guid: e62ea5297a7b9d148bad572144727639,
        type: 3}
      propertyPath: m_AnchorMin.y
      value: 0.5
      objectReference: {fileID: 0}
    - target: {fileID: 7428301135951623336, guid: e62ea5297a7b9d148bad572144727639,
        type: 3}
      propertyPath: m_AnchorMax.x
      value: 0.5
      objectReference: {fileID: 0}
    - target: {fileID: 7428301135951623336, guid: e62ea5297a7b9d148bad572144727639,
        type: 3}
      propertyPath: m_AnchorMax.y
      value: 0.5
      objectReference: {fileID: 0}
    - target: {fileID: 7428301135951623336, guid: e62ea5297a7b9d148bad572144727639,
        type: 3}
      propertyPath: m_Pivot.x
      value: 0.5
      objectReference: {fileID: 0}
    - target: {fileID: 7428301135951623336, guid: e62ea5297a7b9d148bad572144727639,
        type: 3}
      propertyPath: m_Pivot.y
      value: 0.5
      objectReference: {fileID: 0}
    - target: {fileID: 7428301135248298904, guid: e62ea5297a7b9d148bad572144727639,
        type: 3}
      propertyPath: m_IsActive
      value: 0
      objectReference: {fileID: 0}
    m_RemovedComponents: []
  m_SourcePrefab: {fileID: 100100000, guid: e62ea5297a7b9d148bad572144727639, type: 3}
--- !u!224 &5442000477780734093 stripped
RectTransform:
  m_CorrespondingSourceObject: {fileID: 7428301135951623336, guid: e62ea5297a7b9d148bad572144727639,
    type: 3}
  m_PrefabInstance: {fileID: 3212049621134509093}
  m_PrefabAsset: {fileID: 0}
--- !u!114 &5442000479253925692 stripped
MonoBehaviour:
  m_CorrespondingSourceObject: {fileID: 7428301136635431705, guid: e62ea5297a7b9d148bad572144727639,
    type: 3}
  m_PrefabInstance: {fileID: 3212049621134509093}
  m_PrefabAsset: {fileID: 0}
  m_GameObject: {fileID: 0}
  m_Enabled: 1
  m_EditorHideFlags: 0
  m_Script: {fileID: 708705254, guid: f70555f144d8491a825f0804e09c671c, type: 3}
  m_Name: 
  m_EditorClassIdentifier: 
--- !u!114 &5442000477873153172 stripped
MonoBehaviour:
  m_CorrespondingSourceObject: {fileID: 7428301135926272177, guid: e62ea5297a7b9d148bad572144727639,
    type: 3}
  m_PrefabInstance: {fileID: 3212049621134509093}
  m_PrefabAsset: {fileID: 0}
  m_GameObject: {fileID: 0}
  m_Enabled: 1
  m_EditorHideFlags: 0
  m_Script: {fileID: 708705254, guid: f70555f144d8491a825f0804e09c671c, type: 3}
  m_Name: 
  m_EditorClassIdentifier: 
--- !u!114 &5442000479848218537 stripped
MonoBehaviour:
  m_CorrespondingSourceObject: {fileID: 7428301136009706380, guid: e62ea5297a7b9d148bad572144727639,
    type: 3}
  m_PrefabInstance: {fileID: 3212049621134509093}
  m_PrefabAsset: {fileID: 0}
  m_GameObject: {fileID: 0}
  m_Enabled: 1
  m_EditorHideFlags: 0
  m_Script: {fileID: 708705254, guid: f70555f144d8491a825f0804e09c671c, type: 3}
  m_Name: 
  m_EditorClassIdentifier: 
--- !u!114 &5442000479009146133 stripped
MonoBehaviour:
  m_CorrespondingSourceObject: {fileID: 7428301136915726640, guid: e62ea5297a7b9d148bad572144727639,
    type: 3}
  m_PrefabInstance: {fileID: 3212049621134509093}
  m_PrefabAsset: {fileID: 0}
  m_GameObject: {fileID: 0}
  m_Enabled: 1
  m_EditorHideFlags: 0
  m_Script: {fileID: 708705254, guid: f70555f144d8491a825f0804e09c671c, type: 3}
  m_Name: 
  m_EditorClassIdentifier: 
--- !u!114 &5442000478278561887 stripped
MonoBehaviour:
  m_CorrespondingSourceObject: {fileID: 7428301135530308730, guid: e62ea5297a7b9d148bad572144727639,
    type: 3}
  m_PrefabInstance: {fileID: 3212049621134509093}
  m_PrefabAsset: {fileID: 0}
  m_GameObject: {fileID: 0}
  m_Enabled: 1
  m_EditorHideFlags: 0
  m_Script: {fileID: 708705254, guid: f70555f144d8491a825f0804e09c671c, type: 3}
  m_Name: 
  m_EditorClassIdentifier: 
--- !u!1001 &3212049621203600436
PrefabInstance:
  m_ObjectHideFlags: 0
  serializedVersion: 2
  m_Modification:
    m_TransformParent: {fileID: 1206419607057789267}
    m_Modifications:
    - target: {fileID: 823829689288479951, guid: 9ef6b799cb5b2f640932255dcef64aae,
        type: 3}
      propertyPath: m_Name
      value: ItemInventory
      objectReference: {fileID: 0}
    - target: {fileID: 823829689288479952, guid: 9ef6b799cb5b2f640932255dcef64aae,
        type: 3}
      propertyPath: m_LocalPosition.x
      value: 0
      objectReference: {fileID: 0}
    - target: {fileID: 823829689288479952, guid: 9ef6b799cb5b2f640932255dcef64aae,
        type: 3}
      propertyPath: m_LocalPosition.y
      value: 0
      objectReference: {fileID: 0}
    - target: {fileID: 823829689288479952, guid: 9ef6b799cb5b2f640932255dcef64aae,
        type: 3}
      propertyPath: m_LocalPosition.z
      value: 0
      objectReference: {fileID: 0}
    - target: {fileID: 823829689288479952, guid: 9ef6b799cb5b2f640932255dcef64aae,
        type: 3}
      propertyPath: m_LocalRotation.x
      value: 0
      objectReference: {fileID: 0}
    - target: {fileID: 823829689288479952, guid: 9ef6b799cb5b2f640932255dcef64aae,
        type: 3}
      propertyPath: m_LocalRotation.y
      value: 0
      objectReference: {fileID: 0}
    - target: {fileID: 823829689288479952, guid: 9ef6b799cb5b2f640932255dcef64aae,
        type: 3}
      propertyPath: m_LocalRotation.z
      value: 0
      objectReference: {fileID: 0}
    - target: {fileID: 823829689288479952, guid: 9ef6b799cb5b2f640932255dcef64aae,
        type: 3}
      propertyPath: m_LocalRotation.w
      value: 1
      objectReference: {fileID: 0}
    - target: {fileID: 823829689288479952, guid: 9ef6b799cb5b2f640932255dcef64aae,
        type: 3}
      propertyPath: m_RootOrder
      value: 2
      objectReference: {fileID: 0}
    - target: {fileID: 823829689288479952, guid: 9ef6b799cb5b2f640932255dcef64aae,
        type: 3}
      propertyPath: m_LocalEulerAnglesHint.x
      value: 0
      objectReference: {fileID: 0}
    - target: {fileID: 823829689288479952, guid: 9ef6b799cb5b2f640932255dcef64aae,
        type: 3}
      propertyPath: m_LocalEulerAnglesHint.y
      value: 0
      objectReference: {fileID: 0}
    - target: {fileID: 823829689288479952, guid: 9ef6b799cb5b2f640932255dcef64aae,
        type: 3}
      propertyPath: m_LocalEulerAnglesHint.z
      value: 0
      objectReference: {fileID: 0}
    - target: {fileID: 823829689288479952, guid: 9ef6b799cb5b2f640932255dcef64aae,
        type: 3}
      propertyPath: m_AnchoredPosition.x
      value: -35
      objectReference: {fileID: 0}
    - target: {fileID: 823829689288479952, guid: 9ef6b799cb5b2f640932255dcef64aae,
        type: 3}
      propertyPath: m_AnchoredPosition.y
      value: -22
      objectReference: {fileID: 0}
    - target: {fileID: 823829689288479952, guid: 9ef6b799cb5b2f640932255dcef64aae,
        type: 3}
      propertyPath: m_SizeDelta.x
      value: 56.8
      objectReference: {fileID: 0}
    - target: {fileID: 823829689288479952, guid: 9ef6b799cb5b2f640932255dcef64aae,
        type: 3}
      propertyPath: m_SizeDelta.y
      value: 170.9
      objectReference: {fileID: 0}
    - target: {fileID: 823829689288479952, guid: 9ef6b799cb5b2f640932255dcef64aae,
        type: 3}
      propertyPath: m_AnchorMin.x
      value: 1
      objectReference: {fileID: 0}
    - target: {fileID: 823829689288479952, guid: 9ef6b799cb5b2f640932255dcef64aae,
        type: 3}
      propertyPath: m_AnchorMin.y
      value: 0.5
      objectReference: {fileID: 0}
    - target: {fileID: 823829689288479952, guid: 9ef6b799cb5b2f640932255dcef64aae,
        type: 3}
      propertyPath: m_AnchorMax.x
      value: 1
      objectReference: {fileID: 0}
    - target: {fileID: 823829689288479952, guid: 9ef6b799cb5b2f640932255dcef64aae,
        type: 3}
      propertyPath: m_AnchorMax.y
      value: 0.5
      objectReference: {fileID: 0}
    - target: {fileID: 823829689288479952, guid: 9ef6b799cb5b2f640932255dcef64aae,
        type: 3}
      propertyPath: m_Pivot.x
      value: 0.48
      objectReference: {fileID: 0}
    - target: {fileID: 823829689288479952, guid: 9ef6b799cb5b2f640932255dcef64aae,
        type: 3}
      propertyPath: m_Pivot.y
      value: 0.5
      objectReference: {fileID: 0}
    - target: {fileID: 823829689288479955, guid: 9ef6b799cb5b2f640932255dcef64aae,
        type: 3}
      propertyPath: space
      value: 3
      objectReference: {fileID: 0}
    m_RemovedComponents: []
  m_SourcePrefab: {fileID: 100100000, guid: 9ef6b799cb5b2f640932255dcef64aae, type: 3}
--- !u!1 &2881646941055291643 stripped
GameObject:
  m_CorrespondingSourceObject: {fileID: 823829689288479951, guid: 9ef6b799cb5b2f640932255dcef64aae,
    type: 3}
  m_PrefabInstance: {fileID: 3212049621203600436}
  m_PrefabAsset: {fileID: 0}
--- !u!224 &2881646941055291620 stripped
RectTransform:
  m_CorrespondingSourceObject: {fileID: 823829689288479952, guid: 9ef6b799cb5b2f640932255dcef64aae,
    type: 3}
  m_PrefabInstance: {fileID: 3212049621203600436}
  m_PrefabAsset: {fileID: 0}
--- !u!224 &2881646940811215389 stripped
RectTransform:
  m_CorrespondingSourceObject: {fileID: 823829689060558377, guid: 9ef6b799cb5b2f640932255dcef64aae,
    type: 3}
  m_PrefabInstance: {fileID: 3212049621203600436}
  m_PrefabAsset: {fileID: 0}
