%YAML 1.1
%TAG !u! tag:unity3d.com,2011:
--- !u!1 &1177369390737538019
GameObject:
  m_ObjectHideFlags: 0
  m_CorrespondingSourceObject: {fileID: 0}
  m_PrefabInstance: {fileID: 0}
  m_PrefabAsset: {fileID: 0}
  serializedVersion: 6
  m_Component:
  - component: {fileID: 1177369390737538016}
  - component: {fileID: 1177369390737538022}
  - component: {fileID: 1177369390737538017}
  m_Layer: 0
  m_Name: WeaponHolder
  m_TagString: Untagged
  m_Icon: {fileID: 0}
  m_NavMeshLayer: 0
  m_StaticEditorFlags: 0
  m_IsActive: 1
--- !u!4 &1177369390737538016
Transform:
  m_ObjectHideFlags: 0
  m_CorrespondingSourceObject: {fileID: 0}
  m_PrefabInstance: {fileID: 0}
  m_PrefabAsset: {fileID: 0}
  m_GameObject: {fileID: 1177369390737538019}
  m_LocalRotation: {x: 0, y: 0, z: 0, w: 1}
  m_LocalPosition: {x: 0, y: 0, z: 0}
  m_LocalScale: {x: 1, y: 1, z: 1}
  m_Children:
  - {fileID: 1177715875492144755}
  - {fileID: 1173186158595862006}
  - {fileID: 6137403502323558668}
  m_Father: {fileID: 1177369392010675962}
  m_RootOrder: 0
  m_LocalEulerAnglesHint: {x: 0, y: 0, z: 0}
--- !u!114 &1177369390737538022
MonoBehaviour:
  m_ObjectHideFlags: 0
  m_CorrespondingSourceObject: {fileID: 0}
  m_PrefabInstance: {fileID: 0}
  m_PrefabAsset: {fileID: 0}
  m_GameObject: {fileID: 1177369390737538019}
  m_Enabled: 1
  m_EditorHideFlags: 0
  m_Script: {fileID: 11500000, guid: 6f6ca4fa1073411bb7346f89c4e3b853, type: 3}
  m_Name: 
  m_EditorClassIdentifier: 
  selectedWeapon: 0
--- !u!95 &1177369390737538017
Animator:
  serializedVersion: 3
  m_ObjectHideFlags: 0
  m_CorrespondingSourceObject: {fileID: 0}
  m_PrefabInstance: {fileID: 0}
  m_PrefabAsset: {fileID: 0}
  m_GameObject: {fileID: 1177369390737538019}
  m_Enabled: 1
  m_Avatar: {fileID: 0}
  m_Controller: {fileID: 9100000, guid: e80a09c11a0836a43b458cb0bd6db322, type: 2}
  m_CullingMode: 0
  m_UpdateMode: 0
  m_ApplyRootMotion: 0
  m_LinearVelocityBlending: 0
  m_WarningMessage: 
  m_HasTransformHierarchy: 1
  m_AllowConstantClipSamplingOptimization: 1
  m_KeepAnimatorControllerStateOnDisable: 0
--- !u!114 &1177369390833439742
MonoBehaviour:
  m_ObjectHideFlags: 0
  m_CorrespondingSourceObject: {fileID: 0}
  m_PrefabInstance: {fileID: 0}
  m_PrefabAsset: {fileID: 0}
  m_GameObject: {fileID: 1176342149924400212}
  m_Enabled: 1
  m_EditorHideFlags: 0
  m_Script: {fileID: 11500000, guid: d1a4214bc996e4141a1389c214b617c4, type: 3}
  m_Name: 
  m_EditorClassIdentifier: 
  damage: 10
  range: 100
  fpsCamera: {fileID: 1177369392010675963}
  maxAmmo: 10
  reloadTime: 0.3
  firePoint: {fileID: 1177369391099887490}
  vfx:
  - {fileID: 4249510916025058693, guid: 41fe7d839a642ca4e8c150433fb322fd, type: 3}
  animator: {fileID: 1177369390737538017}
--- !u!1 &1177369391099887490
GameObject:
  m_ObjectHideFlags: 0
  m_CorrespondingSourceObject: {fileID: 0}
  m_PrefabInstance: {fileID: 0}
  m_PrefabAsset: {fileID: 0}
  serializedVersion: 6
  m_Component:
  - component: {fileID: 1177369391099887491}
  m_Layer: 0
  m_Name: Muzzle
  m_TagString: Untagged
  m_Icon: {fileID: 0}
  m_NavMeshLayer: 0
  m_StaticEditorFlags: 0
  m_IsActive: 1
--- !u!4 &1177369391099887491
Transform:
  m_ObjectHideFlags: 0
  m_CorrespondingSourceObject: {fileID: 0}
  m_PrefabInstance: {fileID: 0}
  m_PrefabAsset: {fileID: 0}
  m_GameObject: {fileID: 1177369391099887490}
  m_LocalRotation: {x: 0, y: 0, z: 0, w: 1}
  m_LocalPosition: {x: 0, y: 0.034, z: 0.325}
  m_LocalScale: {x: 1, y: 1, z: 1}
  m_Children: []
  m_Father: {fileID: 1173186158595862006}
  m_RootOrder: 7
  m_LocalEulerAnglesHint: {x: 0, y: 0, z: 0}
--- !u!114 &1177369391412478119
MonoBehaviour:
  m_ObjectHideFlags: 0
  m_CorrespondingSourceObject: {fileID: 0}
  m_PrefabInstance: {fileID: 0}
  m_PrefabAsset: {fileID: 0}
  m_GameObject: {fileID: 7167256908023012127}
  m_Enabled: 1
  m_EditorHideFlags: 0
  m_Script: {fileID: 11500000, guid: d1a4214bc996e4141a1389c214b617c4, type: 3}
  m_Name: 
  m_EditorClassIdentifier: 
  damage: 10
  range: 100
  fpsCamera: {fileID: 1177369392010675963}
  maxAmmo: 10
  reloadTime: 1
  firePoint: {fileID: 1177369391651597178}
  vfx:
  - {fileID: 4249510916025058693, guid: 41fe7d839a642ca4e8c150433fb322fd, type: 3}
  animator: {fileID: 1177369390737538017}
--- !u!1 &1177369391651597178
GameObject:
  m_ObjectHideFlags: 0
  m_CorrespondingSourceObject: {fileID: 0}
  m_PrefabInstance: {fileID: 0}
  m_PrefabAsset: {fileID: 0}
  serializedVersion: 6
  m_Component:
  - component: {fileID: 1177369391651597179}
  m_Layer: 0
  m_Name: Muzzle
  m_TagString: Untagged
  m_Icon: {fileID: 0}
  m_NavMeshLayer: 0
  m_StaticEditorFlags: 0
  m_IsActive: 1
--- !u!4 &1177369391651597179
Transform:
  m_ObjectHideFlags: 0
  m_CorrespondingSourceObject: {fileID: 0}
  m_PrefabInstance: {fileID: 0}
  m_PrefabAsset: {fileID: 0}
  m_GameObject: {fileID: 1177369391651597178}
  m_LocalRotation: {x: 0, y: 0, z: 0, w: 1}
  m_LocalPosition: {x: 0.43, y: 0, z: 7.3}
  m_LocalScale: {x: 1, y: 1, z: 1}
  m_Children: []
  m_Father: {fileID: 6137403502323558668}
  m_RootOrder: 8
  m_LocalEulerAnglesHint: {x: 0, y: 0, z: 0}
--- !u!114 &1177369391847552075
MonoBehaviour:
  m_ObjectHideFlags: 0
  m_CorrespondingSourceObject: {fileID: 0}
  m_PrefabInstance: {fileID: 0}
  m_PrefabAsset: {fileID: 0}
  m_GameObject: {fileID: 1176075322200723191}
  m_Enabled: 1
  m_EditorHideFlags: 0
  m_Script: {fileID: 11500000, guid: d1a4214bc996e4141a1389c214b617c4, type: 3}
  m_Name: 
  m_EditorClassIdentifier: 
  damage: 10
  range: 100
  fpsCamera: {fileID: 1177369392010675963}
  maxAmmo: 10
  reloadTime: 1
  firePoint: {fileID: 0}
  vfx:
  - {fileID: 0}
  animator: {fileID: 1177369390737538017}
--- !u!1 &1177369392010675909
GameObject:
  m_ObjectHideFlags: 0
  m_CorrespondingSourceObject: {fileID: 0}
  m_PrefabInstance: {fileID: 0}
  m_PrefabAsset: {fileID: 0}
  serializedVersion: 6
  m_Component:
  - component: {fileID: 1177369392010675962}
  - component: {fileID: 1177369392010675963}
  - component: {fileID: 1177369392010675961}
  - component: {fileID: 1177369392010675960}
  m_Layer: 0
  m_Name: Main Camera
  m_TagString: MainCamera
  m_Icon: {fileID: 0}
  m_NavMeshLayer: 0
  m_StaticEditorFlags: 0
  m_IsActive: 1
--- !u!4 &1177369392010675962
Transform:
  m_ObjectHideFlags: 0
  m_CorrespondingSourceObject: {fileID: 0}
  m_PrefabInstance: {fileID: 0}
  m_PrefabAsset: {fileID: 0}
  m_GameObject: {fileID: 1177369392010675909}
  m_LocalRotation: {x: -0, y: -0, z: -0, w: 1}
  m_LocalPosition: {x: -0.092, y: -0.01222378, z: 0.29606247}
  m_LocalScale: {x: 1, y: 1, z: 1}
  m_Children:
  - {fileID: 1177369390737538016}
  m_Father: {fileID: 1177369392054784835}
  m_RootOrder: 0
  m_LocalEulerAnglesHint: {x: 0, y: 0, z: 0}
--- !u!20 &1177369392010675963
Camera:
  m_ObjectHideFlags: 0
  m_CorrespondingSourceObject: {fileID: 0}
  m_PrefabInstance: {fileID: 0}
  m_PrefabAsset: {fileID: 0}
  m_GameObject: {fileID: 1177369392010675909}
  m_Enabled: 1
  serializedVersion: 2
  m_ClearFlags: 1
  m_BackGroundColor: {r: 0.19215687, g: 0.3019608, b: 0.4745098, a: 0}
  m_projectionMatrixMode: 1
  m_GateFitMode: 2
  m_FOVAxisMode: 0
  m_SensorSize: {x: 36, y: 24}
  m_LensShift: {x: 0, y: 0}
  m_FocalLength: 50
  m_NormalizedViewPortRect:
    serializedVersion: 2
    x: 0
    y: 0
    width: 1
    height: 1
  near clip plane: 0.01
  far clip plane: 1000
  field of view: 60
  orthographic: 0
  orthographic size: 5
  m_Depth: -1
  m_CullingMask:
    serializedVersion: 2
    m_Bits: 4294967295
  m_RenderingPath: -1
  m_TargetTexture: {fileID: 0}
  m_TargetDisplay: 0
  m_TargetEye: 3
  m_HDR: 1
  m_AllowMSAA: 1
  m_AllowDynamicResolution: 0
  m_ForceIntoRT: 0
  m_OcclusionCulling: 1
  m_StereoConvergence: 10
  m_StereoSeparation: 0.022
--- !u!81 &1177369392010675961
AudioListener:
  m_ObjectHideFlags: 0
  m_CorrespondingSourceObject: {fileID: 0}
  m_PrefabInstance: {fileID: 0}
  m_PrefabAsset: {fileID: 0}
  m_GameObject: {fileID: 1177369392010675909}
  m_Enabled: 1
--- !u!124 &1177369392010675960
Behaviour:
  m_ObjectHideFlags: 0
  m_CorrespondingSourceObject: {fileID: 0}
  m_PrefabInstance: {fileID: 0}
  m_PrefabAsset: {fileID: 0}
  m_GameObject: {fileID: 1177369392010675909}
  m_Enabled: 1
--- !u!1 &1177369392054784844
GameObject:
  m_ObjectHideFlags: 0
  m_CorrespondingSourceObject: {fileID: 0}
  m_PrefabInstance: {fileID: 0}
  m_PrefabAsset: {fileID: 0}
  serializedVersion: 6
  m_Component:
  - component: {fileID: 1177369392054784835}
  - component: {fileID: 1177369392054784834}
  - component: {fileID: 1177369392054784845}
  - component: {fileID: 1177369392054784838}
  - component: {fileID: 1177369392054784833}
  - component: {fileID: 1177369392054784832}
  m_Layer: 0
  m_Name: Player 1
  m_TagString: Player
  m_Icon: {fileID: 0}
  m_NavMeshLayer: 0
  m_StaticEditorFlags: 0
  m_IsActive: 1
--- !u!4 &1177369392054784835
Transform:
  m_ObjectHideFlags: 0
  m_CorrespondingSourceObject: {fileID: 0}
  m_PrefabInstance: {fileID: 0}
  m_PrefabAsset: {fileID: 0}
  m_GameObject: {fileID: 1177369392054784844}
  m_LocalRotation: {x: 0, y: 0, z: 0, w: 1}
  m_LocalPosition: {x: 4.33, y: 1.205, z: 9.510721}
  m_LocalScale: {x: 1, y: 1, z: 1}
  m_Children:
  - {fileID: 1177369392010675962}
  m_Father: {fileID: 0}
  m_RootOrder: 0
  m_LocalEulerAnglesHint: {x: 0, y: 0, z: 0}
--- !u!54 &1177369392054784834
Rigidbody:
  m_ObjectHideFlags: 0
  m_CorrespondingSourceObject: {fileID: 0}
  m_PrefabInstance: {fileID: 0}
  m_PrefabAsset: {fileID: 0}
  m_GameObject: {fileID: 1177369392054784844}
  serializedVersion: 2
  m_Mass: 1
  m_Drag: 0
  m_AngularDrag: 0.05
  m_UseGravity: 1
  m_IsKinematic: 0
  m_Interpolate: 0
  m_Constraints: 112
  m_CollisionDetection: 0
--- !u!136 &1177369392054784845
CapsuleCollider:
  m_ObjectHideFlags: 0
  m_CorrespondingSourceObject: {fileID: 0}
  m_PrefabInstance: {fileID: 0}
  m_PrefabAsset: {fileID: 0}
  m_GameObject: {fileID: 1177369392054784844}
  m_Material: {fileID: 0}
  m_IsTrigger: 0
  m_Enabled: 1
  m_Radius: 0.2
  m_Height: 1
  m_Direction: 1
  m_Center: {x: 0, y: -0.69, z: 0}
--- !u!114 &1177369392054784838
MonoBehaviour:
  m_ObjectHideFlags: 0
  m_CorrespondingSourceObject: {fileID: 0}
  m_PrefabInstance: {fileID: 0}
  m_PrefabAsset: {fileID: 0}
  m_GameObject: {fileID: 1177369392054784844}
  m_Enabled: 1
  m_EditorHideFlags: 0
  m_Script: {fileID: 11500000, guid: d92ab0e428dce2742a3d1fa0789f878e, type: 3}
  m_Name: 
  m_EditorClassIdentifier: 
  maxHealth: 100
  regenerationTime: 3
  health:
    baseValue: 0
  damage:
    baseValue: 0
  armor:
    baseValue: 0
  regeneration:
    baseValue: 0
--- !u!114 &1177369392054784833
MonoBehaviour:
  m_ObjectHideFlags: 0
  m_CorrespondingSourceObject: {fileID: 0}
  m_PrefabInstance: {fileID: 0}
  m_PrefabAsset: {fileID: 0}
  m_GameObject: {fileID: 1177369392054784844}
  m_Enabled: 1
  m_EditorHideFlags: 0
  m_Script: {fileID: 11500000, guid: a056a1a52c5447cc9ffc022008279f20, type: 3}
  m_Name: 
  m_EditorClassIdentifier: 
  camera: {fileID: 1177369392010675963}
--- !u!114 &1177369392054784832
MonoBehaviour:
  m_ObjectHideFlags: 0
  m_CorrespondingSourceObject: {fileID: 0}
  m_PrefabInstance: {fileID: 0}
  m_PrefabAsset: {fileID: 0}
  m_GameObject: {fileID: 1177369392054784844}
  m_Enabled: 1
  m_EditorHideFlags: 0
  m_Script: {fileID: 11500000, guid: 2d810d4f11744916b2913c7951e883a9, type: 3}
  m_Name: 
  m_EditorClassIdentifier: 
  speed: 5
  rot: 3
  jumpForce: 3
  gravityScale: 3
--- !u!1001 &1177369390825114344
PrefabInstance:
  m_ObjectHideFlags: 0
  serializedVersion: 2
  m_Modification:
    m_TransformParent: {fileID: 1177369390737538016}
    m_Modifications:
    - target: {fileID: 1671029925390012, guid: 119551172e2002344983c075ab97ef79, type: 3}
      propertyPath: m_Name
      value: Rifle_06
      objectReference: {fileID: 0}
    - target: {fileID: 1671029925390012, guid: 119551172e2002344983c075ab97ef79, type: 3}
      propertyPath: m_IsActive
      value: 1
      objectReference: {fileID: 0}
    - target: {fileID: 4826450088584990, guid: 119551172e2002344983c075ab97ef79, type: 3}
      propertyPath: m_LocalPosition.x
      value: 0.23
      objectReference: {fileID: 0}
    - target: {fileID: 4826450088584990, guid: 119551172e2002344983c075ab97ef79, type: 3}
      propertyPath: m_LocalPosition.y
      value: -0.124
      objectReference: {fileID: 0}
    - target: {fileID: 4826450088584990, guid: 119551172e2002344983c075ab97ef79, type: 3}
      propertyPath: m_LocalPosition.z
      value: 0.329
      objectReference: {fileID: 0}
    - target: {fileID: 4826450088584990, guid: 119551172e2002344983c075ab97ef79, type: 3}
      propertyPath: m_LocalRotation.x
      value: 0
      objectReference: {fileID: 0}
    - target: {fileID: 4826450088584990, guid: 119551172e2002344983c075ab97ef79, type: 3}
      propertyPath: m_LocalRotation.y
      value: 0
      objectReference: {fileID: 0}
    - target: {fileID: 4826450088584990, guid: 119551172e2002344983c075ab97ef79, type: 3}
      propertyPath: m_LocalRotation.z
      value: 0
      objectReference: {fileID: 0}
    - target: {fileID: 4826450088584990, guid: 119551172e2002344983c075ab97ef79, type: 3}
      propertyPath: m_LocalRotation.w
      value: 1
      objectReference: {fileID: 0}
    - target: {fileID: 4826450088584990, guid: 119551172e2002344983c075ab97ef79, type: 3}
      propertyPath: m_RootOrder
      value: 1
      objectReference: {fileID: 0}
    - target: {fileID: 4826450088584990, guid: 119551172e2002344983c075ab97ef79, type: 3}
      propertyPath: m_LocalEulerAnglesHint.x
      value: 0
      objectReference: {fileID: 0}
    - target: {fileID: 4826450088584990, guid: 119551172e2002344983c075ab97ef79, type: 3}
      propertyPath: m_LocalEulerAnglesHint.y
      value: 0
      objectReference: {fileID: 0}
    - target: {fileID: 4826450088584990, guid: 119551172e2002344983c075ab97ef79, type: 3}
      propertyPath: m_LocalEulerAnglesHint.z
      value: 0
      objectReference: {fileID: 0}
    - target: {fileID: 4826450088584990, guid: 119551172e2002344983c075ab97ef79, type: 3}
      propertyPath: m_LocalScale.x
      value: 0.79
      objectReference: {fileID: 0}
    - target: {fileID: 4826450088584990, guid: 119551172e2002344983c075ab97ef79, type: 3}
      propertyPath: m_LocalScale.y
      value: 0.79
      objectReference: {fileID: 0}
    - target: {fileID: 4826450088584990, guid: 119551172e2002344983c075ab97ef79, type: 3}
      propertyPath: m_LocalScale.z
      value: 0.79
      objectReference: {fileID: 0}
    m_RemovedComponents: []
  m_SourcePrefab: {fileID: 100100000, guid: 119551172e2002344983c075ab97ef79, type: 3}
--- !u!1 &1176342149924400212 stripped
GameObject:
  m_CorrespondingSourceObject: {fileID: 1671029925390012, guid: 119551172e2002344983c075ab97ef79,
    type: 3}
  m_PrefabInstance: {fileID: 1177369390825114344}
  m_PrefabAsset: {fileID: 0}
--- !u!4 &1173186158595862006 stripped
Transform:
  m_CorrespondingSourceObject: {fileID: 4826450088584990, guid: 119551172e2002344983c075ab97ef79,
    type: 3}
  m_PrefabInstance: {fileID: 1177369390825114344}
  m_PrefabAsset: {fileID: 0}
--- !u!1001 &1177369391399633027
PrefabInstance:
  m_ObjectHideFlags: 0
  serializedVersion: 2
  m_Modification:
    m_TransformParent: {fileID: 1177369390737538016}
    m_Modifications:
    - target: {fileID: 1294672646082164, guid: 8d43e76b346f2f8448846e9211629d15, type: 3}
      propertyPath: m_Name
      value: Heavy_08
      objectReference: {fileID: 0}
    - target: {fileID: 1294672646082164, guid: 8d43e76b346f2f8448846e9211629d15, type: 3}
      propertyPath: m_IsActive
      value: 0
      objectReference: {fileID: 0}
    - target: {fileID: 4166463531722480, guid: 8d43e76b346f2f8448846e9211629d15, type: 3}
      propertyPath: m_LocalPosition.x
      value: 0.39
      objectReference: {fileID: 0}
    - target: {fileID: 4166463531722480, guid: 8d43e76b346f2f8448846e9211629d15, type: 3}
      propertyPath: m_LocalPosition.y
      value: -0.253
      objectReference: {fileID: 0}
    - target: {fileID: 4166463531722480, guid: 8d43e76b346f2f8448846e9211629d15, type: 3}
      propertyPath: m_LocalPosition.z
      value: 0.488
      objectReference: {fileID: 0}
    - target: {fileID: 4166463531722480, guid: 8d43e76b346f2f8448846e9211629d15, type: 3}
      propertyPath: m_LocalRotation.x
      value: -0
      objectReference: {fileID: 0}
    - target: {fileID: 4166463531722480, guid: 8d43e76b346f2f8448846e9211629d15, type: 3}
      propertyPath: m_LocalRotation.y
      value: -0
      objectReference: {fileID: 0}
    - target: {fileID: 4166463531722480, guid: 8d43e76b346f2f8448846e9211629d15, type: 3}
      propertyPath: m_LocalRotation.z
      value: -0
      objectReference: {fileID: 0}
    - target: {fileID: 4166463531722480, guid: 8d43e76b346f2f8448846e9211629d15, type: 3}
      propertyPath: m_LocalRotation.w
      value: 1
      objectReference: {fileID: 0}
    - target: {fileID: 4166463531722480, guid: 8d43e76b346f2f8448846e9211629d15, type: 3}
      propertyPath: m_RootOrder
      value: 0
      objectReference: {fileID: 0}
    - target: {fileID: 4166463531722480, guid: 8d43e76b346f2f8448846e9211629d15, type: 3}
      propertyPath: m_LocalEulerAnglesHint.x
      value: 0
      objectReference: {fileID: 0}
    - target: {fileID: 4166463531722480, guid: 8d43e76b346f2f8448846e9211629d15, type: 3}
      propertyPath: m_LocalEulerAnglesHint.y
      value: 0
      objectReference: {fileID: 0}
    - target: {fileID: 4166463531722480, guid: 8d43e76b346f2f8448846e9211629d15, type: 3}
      propertyPath: m_LocalEulerAnglesHint.z
      value: 0
      objectReference: {fileID: 0}
    - target: {fileID: 4166463531722480, guid: 8d43e76b346f2f8448846e9211629d15, type: 3}
      propertyPath: m_LocalScale.x
      value: 0.91
      objectReference: {fileID: 0}
    - target: {fileID: 4166463531722480, guid: 8d43e76b346f2f8448846e9211629d15, type: 3}
      propertyPath: m_LocalScale.y
      value: 0.91
      objectReference: {fileID: 0}
    - target: {fileID: 4166463531722480, guid: 8d43e76b346f2f8448846e9211629d15, type: 3}
      propertyPath: m_LocalScale.z
      value: 0.91
      objectReference: {fileID: 0}
    m_RemovedComponents: []
  m_SourcePrefab: {fileID: 100100000, guid: 8d43e76b346f2f8448846e9211629d15, type: 3}
--- !u!1 &1176075322200723191 stripped
GameObject:
  m_CorrespondingSourceObject: {fileID: 1294672646082164, guid: 8d43e76b346f2f8448846e9211629d15,
    type: 3}
  m_PrefabInstance: {fileID: 1177369391399633027}
  m_PrefabAsset: {fileID: 0}
--- !u!4 &1177715875492144755 stripped
Transform:
  m_CorrespondingSourceObject: {fileID: 4166463531722480, guid: 8d43e76b346f2f8448846e9211629d15,
    type: 3}
  m_PrefabInstance: {fileID: 1177369391399633027}
  m_PrefabAsset: {fileID: 0}
--- !u!1001 &1177369391782838806
PrefabInstance:
  m_ObjectHideFlags: 0
  serializedVersion: 2
  m_Modification:
    m_TransformParent: {fileID: 1177369390737538016}
    m_Modifications:
    - target: {fileID: -927199367670048503, guid: 642dd6b4426a2ca429e7f76500ddbc71,
        type: 3}
      propertyPath: m_Name
      value: gun
      objectReference: {fileID: 0}
    - target: {fileID: -927199367670048503, guid: 642dd6b4426a2ca429e7f76500ddbc71,
        type: 3}
      propertyPath: m_IsActive
      value: 0
      objectReference: {fileID: 0}
    - target: {fileID: 721056895991426811, guid: 642dd6b4426a2ca429e7f76500ddbc71,
        type: 3}
      propertyPath: m_IsActive
      value: 0
      objectReference: {fileID: 0}
    - target: {fileID: -4216859302048453862, guid: 642dd6b4426a2ca429e7f76500ddbc71,
        type: 3}
      propertyPath: m_LocalPosition.x
      value: 0.499
      objectReference: {fileID: 0}
    - target: {fileID: -4216859302048453862, guid: 642dd6b4426a2ca429e7f76500ddbc71,
        type: 3}
      propertyPath: m_LocalPosition.y
      value: -0.054
      objectReference: {fileID: 0}
    - target: {fileID: -4216859302048453862, guid: 642dd6b4426a2ca429e7f76500ddbc71,
        type: 3}
      propertyPath: m_LocalPosition.z
      value: 0.533
      objectReference: {fileID: 0}
    - target: {fileID: -4216859302048453862, guid: 642dd6b4426a2ca429e7f76500ddbc71,
        type: 3}
      propertyPath: m_LocalRotation.x
      value: -0
      objectReference: {fileID: 0}
    - target: {fileID: -4216859302048453862, guid: 642dd6b4426a2ca429e7f76500ddbc71,
        type: 3}
      propertyPath: m_LocalRotation.y
      value: -0.0851393
      objectReference: {fileID: 0}
    - target: {fileID: -4216859302048453862, guid: 642dd6b4426a2ca429e7f76500ddbc71,
        type: 3}
      propertyPath: m_LocalRotation.z
      value: -0
      objectReference: {fileID: 0}
    - target: {fileID: -4216859302048453862, guid: 642dd6b4426a2ca429e7f76500ddbc71,
        type: 3}
      propertyPath: m_LocalRotation.w
      value: 0.99636906
      objectReference: {fileID: 0}
    - target: {fileID: -4216859302048453862, guid: 642dd6b4426a2ca429e7f76500ddbc71,
        type: 3}
      propertyPath: m_RootOrder
      value: 2
      objectReference: {fileID: 0}
    - target: {fileID: -4216859302048453862, guid: 642dd6b4426a2ca429e7f76500ddbc71,
        type: 3}
      propertyPath: m_LocalEulerAnglesHint.x
      value: 0
      objectReference: {fileID: 0}
    - target: {fileID: -4216859302048453862, guid: 642dd6b4426a2ca429e7f76500ddbc71,
        type: 3}
      propertyPath: m_LocalEulerAnglesHint.y
      value: -9.768001
      objectReference: {fileID: 0}
    - target: {fileID: -4216859302048453862, guid: 642dd6b4426a2ca429e7f76500ddbc71,
        type: 3}
      propertyPath: m_LocalEulerAnglesHint.z
      value: 0
      objectReference: {fileID: 0}
    - target: {fileID: -4216859302048453862, guid: 642dd6b4426a2ca429e7f76500ddbc71,
        type: 3}
      propertyPath: m_LocalScale.x
      value: 0.05
      objectReference: {fileID: 0}
    - target: {fileID: -4216859302048453862, guid: 642dd6b4426a2ca429e7f76500ddbc71,
        type: 3}
      propertyPath: m_LocalScale.y
      value: 0.05
      objectReference: {fileID: 0}
    - target: {fileID: -4216859302048453862, guid: 642dd6b4426a2ca429e7f76500ddbc71,
        type: 3}
      propertyPath: m_LocalScale.z
      value: 0.05
      objectReference: {fileID: 0}
    m_RemovedComponents:
    - {fileID: -6057140222963153312, guid: 642dd6b4426a2ca429e7f76500ddbc71, type: 3}
  m_SourcePrefab: {fileID: 100100000, guid: 642dd6b4426a2ca429e7f76500ddbc71, type: 3}
--- !u!1 &7167256908023012127 stripped
GameObject:
  m_CorrespondingSourceObject: {fileID: -927199367670048503, guid: 642dd6b4426a2ca429e7f76500ddbc71,
    type: 3}
  m_PrefabInstance: {fileID: 1177369391782838806}
  m_PrefabAsset: {fileID: 0}
--- !u!4 &6137403502323558668 stripped
Transform:
  m_CorrespondingSourceObject: {fileID: -4216859302048453862, guid: 642dd6b4426a2ca429e7f76500ddbc71,
    type: 3}
  m_PrefabInstance: {fileID: 1177369391782838806}
  m_PrefabAsset: {fileID: 0}
