%YAML 1.1
%TAG !u! tag:unity3d.com,2011:
--- !u!1 &2177704244893373116
GameObject:
  m_ObjectHideFlags: 0
  m_CorrespondingSourceObject: {fileID: 0}
  m_PrefabInstance: {fileID: 0}
  m_PrefabAsset: {fileID: 0}
  serializedVersion: 6
  m_Component:
  - component: {fileID: 2177704244893373117}
  m_Layer: 0
  m_Name: Muzzle
  m_TagString: Untagged
  m_Icon: {fileID: 0}
  m_NavMeshLayer: 0
  m_StaticEditorFlags: 0
  m_IsActive: 1
--- !u!4 &2177704244893373117
Transform:
  m_ObjectHideFlags: 0
  m_CorrespondingSourceObject: {fileID: 0}
  m_PrefabInstance: {fileID: 0}
  m_PrefabAsset: {fileID: 0}
  m_GameObject: {fileID: 2177704244893373116}
  m_LocalRotation: {x: -0.017065952, y: -0.008858619, z: 0.048834756, w: 0.99862176}
  m_LocalPosition: {x: 0.43, y: 0.64, z: 7.3}
  m_LocalScale: {x: 1, y: 1, z: 1}
  m_Children: []
  m_Father: {fileID: 6575948936669728970}
  m_RootOrder: 8
  m_LocalEulerAnglesHint: {x: -1.904, y: -1.11, z: 5.618}
--- !u!1 &2177704245254668035
GameObject:
  m_ObjectHideFlags: 0
  m_CorrespondingSourceObject: {fileID: 0}
  m_PrefabInstance: {fileID: 0}
  m_PrefabAsset: {fileID: 0}
  serializedVersion: 6
  m_Component:
  - component: {fileID: 2177704245254668092}
  - component: {fileID: 6576041557218918313}
  - component: {fileID: 2177704245254668093}
  - component: {fileID: 2177704245254668095}
  - component: {fileID: 2177704245254668094}
  m_Layer: 0
  m_Name: Main Camera
  m_TagString: MainCamera
  m_Icon: {fileID: 0}
  m_NavMeshLayer: 0
  m_StaticEditorFlags: 0
  m_IsActive: 1
--- !u!4 &2177704245254668092
Transform:
  m_ObjectHideFlags: 0
  m_CorrespondingSourceObject: {fileID: 0}
  m_PrefabInstance: {fileID: 0}
  m_PrefabAsset: {fileID: 0}
  m_GameObject: {fileID: 2177704245254668035}
  m_LocalRotation: {x: -0, y: -0, z: -0, w: 1}
  m_LocalPosition: {x: -0.092, y: -0.01222378, z: 0.29606247}
  m_LocalScale: {x: 1, y: 1, z: 1}
  m_Children:
  - {fileID: 2177704246124823078}
  m_Father: {fileID: 2177704245294443141}
  m_RootOrder: 0
  m_LocalEulerAnglesHint: {x: 0, y: 0, z: 0}
--- !u!114 &6576041557218918313
MonoBehaviour:
  m_ObjectHideFlags: 0
  m_CorrespondingSourceObject: {fileID: 0}
  m_PrefabInstance: {fileID: 0}
  m_PrefabAsset: {fileID: 0}
  m_GameObject: {fileID: 2177704245254668035}
  m_Enabled: 1
  m_EditorHideFlags: 0
  m_Script: {fileID: 11500000, guid: d8d49ac522b24334868dbdd0b928c711, type: 3}
  m_Name: 
  m_EditorClassIdentifier: 
  dur: 0.15
  mag: 0.15
--- !u!20 &2177704245254668093
Camera:
  m_ObjectHideFlags: 0
  m_CorrespondingSourceObject: {fileID: 0}
  m_PrefabInstance: {fileID: 0}
  m_PrefabAsset: {fileID: 0}
  m_GameObject: {fileID: 2177704245254668035}
  m_Enabled: 1
  serializedVersion: 2
  m_ClearFlags: 1
  m_BackGroundColor: {r: 0.19215687, g: 0.3019608, b: 0.4745098, a: 0}
  m_projectionMatrixMode: 1
  m_GateFitMode: 2
  m_FOVAxisMode: 0
  m_SensorSize: {x: 36, y: 24}
  m_LensShift: {x: 0, y: 0}
  m_FocalLength: 50
  m_NormalizedViewPortRect:
    serializedVersion: 2
    x: 0
    y: 0
    width: 1
    height: 1
  near clip plane: 0.01
  far clip plane: 1000
  field of view: 60
  orthographic: 0
  orthographic size: 5
  m_Depth: -1
  m_CullingMask:
    serializedVersion: 2
    m_Bits: 4294967295
  m_RenderingPath: -1
  m_TargetTexture: {fileID: 0}
  m_TargetDisplay: 0
  m_TargetEye: 3
  m_HDR: 1
  m_AllowMSAA: 1
  m_AllowDynamicResolution: 0
  m_ForceIntoRT: 0
  m_OcclusionCulling: 1
  m_StereoConvergence: 10
  m_StereoSeparation: 0.022
--- !u!81 &2177704245254668095
AudioListener:
  m_ObjectHideFlags: 0
  m_CorrespondingSourceObject: {fileID: 0}
  m_PrefabInstance: {fileID: 0}
  m_PrefabAsset: {fileID: 0}
  m_GameObject: {fileID: 2177704245254668035}
  m_Enabled: 1
--- !u!124 &2177704245254668094
Behaviour:
  m_ObjectHideFlags: 0
  m_CorrespondingSourceObject: {fileID: 0}
  m_PrefabInstance: {fileID: 0}
  m_PrefabAsset: {fileID: 0}
  m_GameObject: {fileID: 2177704245254668035}
  m_Enabled: 1
--- !u!1 &2177704245294443146
GameObject:
  m_ObjectHideFlags: 0
  m_CorrespondingSourceObject: {fileID: 0}
  m_PrefabInstance: {fileID: 0}
  m_PrefabAsset: {fileID: 0}
  serializedVersion: 6
  m_Component:
  - component: {fileID: 2177704245294443141}
  - component: {fileID: 2177704245294443140}
  - component: {fileID: 2177704245294443147}
  - component: {fileID: 2177704245294443136}
  - component: {fileID: 1270244625706472555}
  - component: {fileID: 2177704245294443143}
  - component: {fileID: 2177704245294443142}
  m_Layer: 0
  m_Name: Player_1 1
  m_TagString: Player
  m_Icon: {fileID: 0}
  m_NavMeshLayer: 0
  m_StaticEditorFlags: 0
  m_IsActive: 1
--- !u!4 &2177704245294443141
Transform:
  m_ObjectHideFlags: 0
  m_CorrespondingSourceObject: {fileID: 0}
  m_PrefabInstance: {fileID: 0}
  m_PrefabAsset: {fileID: 0}
  m_GameObject: {fileID: 2177704245294443146}
  m_LocalRotation: {x: -0, y: -0, z: -0, w: 1}
  m_LocalPosition: {x: 0, y: 1.21, z: 0}
  m_LocalScale: {x: 1, y: 1, z: 1}
  m_Children:
  - {fileID: 2177704245254668092}
  m_Father: {fileID: 0}
  m_RootOrder: 0
  m_LocalEulerAnglesHint: {x: 0, y: 0, z: 0}
--- !u!54 &2177704245294443140
Rigidbody:
  m_ObjectHideFlags: 0
  m_CorrespondingSourceObject: {fileID: 0}
  m_PrefabInstance: {fileID: 0}
  m_PrefabAsset: {fileID: 0}
  m_GameObject: {fileID: 2177704245294443146}
  serializedVersion: 2
  m_Mass: 1
  m_Drag: 0
  m_AngularDrag: 0.05
  m_UseGravity: 1
  m_IsKinematic: 0
  m_Interpolate: 0
  m_Constraints: 112
  m_CollisionDetection: 0
--- !u!136 &2177704245294443147
CapsuleCollider:
  m_ObjectHideFlags: 0
  m_CorrespondingSourceObject: {fileID: 0}
  m_PrefabInstance: {fileID: 0}
  m_PrefabAsset: {fileID: 0}
  m_GameObject: {fileID: 2177704245294443146}
  m_Material: {fileID: 0}
  m_IsTrigger: 0
  m_Enabled: 1
  m_Radius: 0.2
  m_Height: 1
  m_Direction: 1
  m_Center: {x: 0, y: -0.69, z: 0}
--- !u!114 &2177704245294443136
MonoBehaviour:
  m_ObjectHideFlags: 0
  m_CorrespondingSourceObject: {fileID: 0}
  m_PrefabInstance: {fileID: 0}
  m_PrefabAsset: {fileID: 0}
  m_GameObject: {fileID: 2177704245294443146}
  m_Enabled: 1
  m_EditorHideFlags: 0
  m_Script: {fileID: 11500000, guid: d92ab0e428dce2742a3d1fa0789f878e, type: 3}
  m_Name: 
  m_EditorClassIdentifier: 
  maxHealth: 100
  regenerationTime: 3
  health:
    baseValue: 0
  damage:
    baseValue: 0
  armor:
    baseValue: 0
  regeneration:
    baseValue: 0
  animator: {fileID: 0}
--- !u!114 &1270244625706472555
MonoBehaviour:
  m_ObjectHideFlags: 0
  m_CorrespondingSourceObject: {fileID: 0}
  m_PrefabInstance: {fileID: 0}
  m_PrefabAsset: {fileID: 0}
  m_GameObject: {fileID: 2177704245294443146}
  m_Enabled: 1
  m_EditorHideFlags: 0
  m_Script: {fileID: 11500000, guid: d8d49ac522b24334868dbdd0b928c711, type: 3}
  m_Name: 
  m_EditorClassIdentifier: 
  dur: 0.15
  mag: 0.15
--- !u!114 &2177704245294443143
MonoBehaviour:
  m_ObjectHideFlags: 0
  m_CorrespondingSourceObject: {fileID: 0}
  m_PrefabInstance: {fileID: 0}
  m_PrefabAsset: {fileID: 0}
  m_GameObject: {fileID: 2177704245294443146}
  m_Enabled: 1
  m_EditorHideFlags: 0
  m_Script: {fileID: 11500000, guid: a056a1a52c5447cc9ffc022008279f20, type: 3}
  m_Name: 
  m_EditorClassIdentifier: 
  camera: {fileID: 2177704245254668093}
--- !u!114 &2177704245294443142
MonoBehaviour:
  m_ObjectHideFlags: 0
  m_CorrespondingSourceObject: {fileID: 0}
  m_PrefabInstance: {fileID: 0}
  m_PrefabAsset: {fileID: 0}
  m_GameObject: {fileID: 2177704245294443146}
  m_Enabled: 1
  m_EditorHideFlags: 0
  m_Script: {fileID: 11500000, guid: 2d810d4f11744916b2913c7951e883a9, type: 3}
  m_Name: 
  m_EditorClassIdentifier: 
  speed: 5
  rot: 3
  jumpForce: 3
  maxY: 3
  minY: 3
  gravityScale: 3
--- !u!1 &2177704246124823077
GameObject:
  m_ObjectHideFlags: 0
  m_CorrespondingSourceObject: {fileID: 0}
  m_PrefabInstance: {fileID: 0}
  m_PrefabAsset: {fileID: 0}
  serializedVersion: 6
  m_Component:
  - component: {fileID: 2177704246124823078}
  - component: {fileID: 2177704246124823072}
  - component: {fileID: 2177704246124823079}
  m_Layer: 0
  m_Name: WeaponHolder
  m_TagString: Untagged
  m_Icon: {fileID: 0}
  m_NavMeshLayer: 0
  m_StaticEditorFlags: 0
  m_IsActive: 1
--- !u!4 &2177704246124823078
Transform:
  m_ObjectHideFlags: 0
  m_CorrespondingSourceObject: {fileID: 0}
  m_PrefabInstance: {fileID: 0}
  m_PrefabAsset: {fileID: 0}
  m_GameObject: {fileID: 2177704246124823077}
  m_LocalRotation: {x: 0, y: 0, z: 0, w: 1}
  m_LocalPosition: {x: 0, y: 0, z: 0}
  m_LocalScale: {x: 1, y: 1, z: 1}
  m_Children:
  - {fileID: 6575948936669728970}
  m_Father: {fileID: 2177704245254668092}
  m_RootOrder: 0
  m_LocalEulerAnglesHint: {x: 0, y: 0, z: 0}
--- !u!114 &2177704246124823072
MonoBehaviour:
  m_ObjectHideFlags: 0
  m_CorrespondingSourceObject: {fileID: 0}
  m_PrefabInstance: {fileID: 0}
  m_PrefabAsset: {fileID: 0}
  m_GameObject: {fileID: 2177704246124823077}
  m_Enabled: 1
  m_EditorHideFlags: 0
  m_Script: {fileID: 11500000, guid: 6f6ca4fa1073411bb7346f89c4e3b853, type: 3}
  m_Name: 
  m_EditorClassIdentifier: 
  selectedWeapon: 0
--- !u!95 &2177704246124823079
Animator:
  serializedVersion: 3
  m_ObjectHideFlags: 0
  m_CorrespondingSourceObject: {fileID: 0}
  m_PrefabInstance: {fileID: 0}
  m_PrefabAsset: {fileID: 0}
  m_GameObject: {fileID: 2177704246124823077}
  m_Enabled: 1
  m_Avatar: {fileID: 0}
  m_Controller: {fileID: 9100000, guid: e80a09c11a0836a43b458cb0bd6db322, type: 2}
  m_CullingMode: 0
  m_UpdateMode: 0
  m_ApplyRootMotion: 0
  m_LinearVelocityBlending: 0
  m_WarningMessage: 
  m_HasTransformHierarchy: 1
  m_AllowConstantClipSamplingOptimization: 1
  m_KeepAnimatorControllerStateOnDisable: 0
--- !u!114 &2177704246810147169
MonoBehaviour:
  m_ObjectHideFlags: 0
  m_CorrespondingSourceObject: {fileID: 0}
  m_PrefabInstance: {fileID: 0}
  m_PrefabAsset: {fileID: 0}
  m_GameObject: {fileID: 7861366779964580569}
  m_Enabled: 1
  m_EditorHideFlags: 0
  m_Script: {fileID: 11500000, guid: d1a4214bc996e4141a1389c214b617c4, type: 3}
  m_Name: 
  m_EditorClassIdentifier: 
  damage: 10
  range: 100
  fpsCamera: {fileID: 2177704245254668093}
  reloadTime: 1
  animator: {fileID: 2177704246124823079}
  firePoint: {fileID: 2177704244893373116}
  bulletLife: 1
  poolObjCount: 10
  vfx: {fileID: 0}
--- !u!1001 &2177704245029452752
PrefabInstance:
  m_ObjectHideFlags: 0
  serializedVersion: 2
  m_Modification:
    m_TransformParent: {fileID: 2177704246124823078}
    m_Modifications:
    - target: {fileID: -927199367670048503, guid: 642dd6b4426a2ca429e7f76500ddbc71,
        type: 3}
      propertyPath: m_Name
      value: gun
      objectReference: {fileID: 0}
    - target: {fileID: -927199367670048503, guid: 642dd6b4426a2ca429e7f76500ddbc71,
        type: 3}
      propertyPath: m_IsActive
      value: 0
      objectReference: {fileID: 0}
    - target: {fileID: 721056895991426811, guid: 642dd6b4426a2ca429e7f76500ddbc71,
        type: 3}
      propertyPath: m_IsActive
      value: 0
      objectReference: {fileID: 0}
    - target: {fileID: -4216859302048453862, guid: 642dd6b4426a2ca429e7f76500ddbc71,
        type: 3}
      propertyPath: m_LocalPosition.x
      value: 0.37
      objectReference: {fileID: 0}
    - target: {fileID: -4216859302048453862, guid: 642dd6b4426a2ca429e7f76500ddbc71,
        type: 3}
      propertyPath: m_LocalPosition.y
      value: -0.155
      objectReference: {fileID: 0}
    - target: {fileID: -4216859302048453862, guid: 642dd6b4426a2ca429e7f76500ddbc71,
        type: 3}
      propertyPath: m_LocalPosition.z
      value: 0.533
      objectReference: {fileID: 0}
    - target: {fileID: -4216859302048453862, guid: 642dd6b4426a2ca429e7f76500ddbc71,
        type: 3}
      propertyPath: m_LocalRotation.x
      value: -0
      objectReference: {fileID: 0}
    - target: {fileID: -4216859302048453862, guid: 642dd6b4426a2ca429e7f76500ddbc71,
        type: 3}
      propertyPath: m_LocalRotation.y
      value: -0.0851393
      objectReference: {fileID: 0}
    - target: {fileID: -4216859302048453862, guid: 642dd6b4426a2ca429e7f76500ddbc71,
        type: 3}
      propertyPath: m_LocalRotation.z
      value: -0
      objectReference: {fileID: 0}
    - target: {fileID: -4216859302048453862, guid: 642dd6b4426a2ca429e7f76500ddbc71,
        type: 3}
      propertyPath: m_LocalRotation.w
      value: 0.99636906
      objectReference: {fileID: 0}
    - target: {fileID: -4216859302048453862, guid: 642dd6b4426a2ca429e7f76500ddbc71,
        type: 3}
      propertyPath: m_RootOrder
      value: 0
      objectReference: {fileID: 0}
    - target: {fileID: -4216859302048453862, guid: 642dd6b4426a2ca429e7f76500ddbc71,
        type: 3}
      propertyPath: m_LocalEulerAnglesHint.x
      value: 0
      objectReference: {fileID: 0}
    - target: {fileID: -4216859302048453862, guid: 642dd6b4426a2ca429e7f76500ddbc71,
        type: 3}
      propertyPath: m_LocalEulerAnglesHint.y
      value: -9.768001
      objectReference: {fileID: 0}
    - target: {fileID: -4216859302048453862, guid: 642dd6b4426a2ca429e7f76500ddbc71,
        type: 3}
      propertyPath: m_LocalEulerAnglesHint.z
      value: 0
      objectReference: {fileID: 0}
    - target: {fileID: -4216859302048453862, guid: 642dd6b4426a2ca429e7f76500ddbc71,
        type: 3}
      propertyPath: m_LocalScale.x
      value: 0.05
      objectReference: {fileID: 0}
    - target: {fileID: -4216859302048453862, guid: 642dd6b4426a2ca429e7f76500ddbc71,
        type: 3}
      propertyPath: m_LocalScale.y
      value: 0.05
      objectReference: {fileID: 0}
    - target: {fileID: -4216859302048453862, guid: 642dd6b4426a2ca429e7f76500ddbc71,
        type: 3}
      propertyPath: m_LocalScale.z
      value: 0.05
      objectReference: {fileID: 0}
    m_RemovedComponents:
    - {fileID: -6057140222963153312, guid: 642dd6b4426a2ca429e7f76500ddbc71, type: 3}
  m_SourcePrefab: {fileID: 100100000, guid: 642dd6b4426a2ca429e7f76500ddbc71, type: 3}
--- !u!1 &7861366779964580569 stripped
GameObject:
  m_CorrespondingSourceObject: {fileID: -927199367670048503, guid: 642dd6b4426a2ca429e7f76500ddbc71,
    type: 3}
  m_PrefabInstance: {fileID: 2177704245029452752}
  m_PrefabAsset: {fileID: 0}
--- !u!4 &6575948936669728970 stripped
Transform:
  m_CorrespondingSourceObject: {fileID: -4216859302048453862, guid: 642dd6b4426a2ca429e7f76500ddbc71,
    type: 3}
  m_PrefabInstance: {fileID: 2177704245029452752}
  m_PrefabAsset: {fileID: 0}
