%YAML 1.1
%TAG !u! tag:unity3d.com,2011:
--- !u!1 &1041005428612274056
GameObject:
  m_ObjectHideFlags: 0
  m_CorrespondingSourceObject: {fileID: 0}
  m_PrefabInstance: {fileID: 0}
  m_PrefabAsset: {fileID: 0}
  serializedVersion: 6
  m_Component:
  - component: {fileID: 1041005428612274071}
  m_Layer: 0
  m_Name: StonePlatforms
  m_TagString: Untagged
  m_Icon: {fileID: 0}
  m_NavMeshLayer: 0
  m_StaticEditorFlags: 0
  m_IsActive: 1
--- !u!4 &1041005428612274071
Transform:
  m_ObjectHideFlags: 0
  m_CorrespondingSourceObject: {fileID: 0}
  m_PrefabInstance: {fileID: 0}
  m_PrefabAsset: {fileID: 0}
  m_GameObject: {fileID: 1041005428612274056}
  m_LocalRotation: {x: -0, y: -0, z: -0, w: 1}
  m_LocalPosition: {x: -334, y: -159, z: 0}
  m_LocalScale: {x: 1, y: 1, z: 1}
  m_Children:
  - {fileID: 1041005426621155770}
  - {fileID: 1041005428171169822}
  - {fileID: 1041005426684559063}
  - {fileID: 1041005426587939108}
  - {fileID: 1041005426899668232}
  - {fileID: 1041005427144289473}
  - {fileID: 1041005428342379823}
  - {fileID: 1041005427514996200}
  - {fileID: 1041005427184409340}
  - {fileID: 1041005428541881246}
  - {fileID: 1041005428517185685}
  - {fileID: 1041005428398800867}
  - {fileID: 1041005427624155756}
  - {fileID: 1041005428388315609}
  - {fileID: 1041005426828949777}
  - {fileID: 1041005427099573394}
  - {fileID: 1041005428350516910}
  - {fileID: 1041005426695263077}
  - {fileID: 5744926767286204474}
  - {fileID: 5801215428858741248}
  - {fileID: 4244666952260256848}
  - {fileID: 1922949674354040804}
  - {fileID: 6525763956328707163}
  - {fileID: 4679804081216047722}
  - {fileID: 2965377834698917452}
  - {fileID: 6150319522603384687}
  - {fileID: 7536497064423940187}
  - {fileID: 1801063261236496692}
  m_Father: {fileID: 0}
  m_RootOrder: 0
  m_LocalEulerAnglesHint: {x: 0, y: 0, z: 0}
--- !u!1001 &1041005426587544484
PrefabInstance:
  m_ObjectHideFlags: 0
  serializedVersion: 2
  m_Modification:
    m_TransformParent: {fileID: 1041005428612274071}
    m_Modifications:
    - target: {fileID: 100000, guid: 488dfbbef3f8c8a4795c9ca6f8cc50eb, type: 3}
      propertyPath: m_Name
      value: GroundTile (1)
      objectReference: {fileID: 0}
    - target: {fileID: 100000, guid: 488dfbbef3f8c8a4795c9ca6f8cc50eb, type: 3}
      propertyPath: m_StaticEditorFlags
      value: 4294967295
      objectReference: {fileID: 0}
    - target: {fileID: 400000, guid: 488dfbbef3f8c8a4795c9ca6f8cc50eb, type: 3}
      propertyPath: m_LocalPosition.x
      value: -27.68
      objectReference: {fileID: 0}
    - target: {fileID: 400000, guid: 488dfbbef3f8c8a4795c9ca6f8cc50eb, type: 3}
      propertyPath: m_LocalPosition.y
      value: 11.608
      objectReference: {fileID: 0}
    - target: {fileID: 400000, guid: 488dfbbef3f8c8a4795c9ca6f8cc50eb, type: 3}
      propertyPath: m_LocalPosition.z
      value: 10.788
      objectReference: {fileID: 0}
    - target: {fileID: 400000, guid: 488dfbbef3f8c8a4795c9ca6f8cc50eb, type: 3}
      propertyPath: m_LocalRotation.x
      value: 0.000000021855694
      objectReference: {fileID: 0}
    - target: {fileID: 400000, guid: 488dfbbef3f8c8a4795c9ca6f8cc50eb, type: 3}
      propertyPath: m_LocalRotation.y
      value: 0
      objectReference: {fileID: 0}
    - target: {fileID: 400000, guid: 488dfbbef3f8c8a4795c9ca6f8cc50eb, type: 3}
      propertyPath: m_LocalRotation.z
      value: 0
      objectReference: {fileID: 0}
    - target: {fileID: 400000, guid: 488dfbbef3f8c8a4795c9ca6f8cc50eb, type: 3}
      propertyPath: m_LocalRotation.w
      value: 1
      objectReference: {fileID: 0}
    - target: {fileID: 400000, guid: 488dfbbef3f8c8a4795c9ca6f8cc50eb, type: 3}
      propertyPath: m_RootOrder
      value: 3
      objectReference: {fileID: 0}
    m_RemovedComponents: []
  m_SourcePrefab: {fileID: 100100000, guid: 488dfbbef3f8c8a4795c9ca6f8cc50eb, type: 3}
--- !u!4 &1041005426587939108 stripped
Transform:
  m_CorrespondingSourceObject: {fileID: 400000, guid: 488dfbbef3f8c8a4795c9ca6f8cc50eb,
    type: 3}
  m_PrefabInstance: {fileID: 1041005426587544484}
  m_PrefabAsset: {fileID: 0}
--- !u!1001 &1041005426621289274
PrefabInstance:
  m_ObjectHideFlags: 0
  serializedVersion: 2
  m_Modification:
    m_TransformParent: {fileID: 1041005428612274071}
    m_Modifications:
    - target: {fileID: 100000, guid: fe74bd959d3a0f540933cb4f8036170b, type: 3}
      propertyPath: m_Name
      value: RockPlatform1Corner (2)
      objectReference: {fileID: 0}
    - target: {fileID: 100000, guid: fe74bd959d3a0f540933cb4f8036170b, type: 3}
      propertyPath: m_StaticEditorFlags
      value: 4294967295
      objectReference: {fileID: 0}
    - target: {fileID: 400000, guid: fe74bd959d3a0f540933cb4f8036170b, type: 3}
      propertyPath: m_LocalPosition.x
      value: -31.68
      objectReference: {fileID: 0}
    - target: {fileID: 400000, guid: fe74bd959d3a0f540933cb4f8036170b, type: 3}
      propertyPath: m_LocalPosition.y
      value: 11.608
      objectReference: {fileID: 0}
    - target: {fileID: 400000, guid: fe74bd959d3a0f540933cb4f8036170b, type: 3}
      propertyPath: m_LocalPosition.z
      value: 10.788
      objectReference: {fileID: 0}
    - target: {fileID: 400000, guid: fe74bd959d3a0f540933cb4f8036170b, type: 3}
      propertyPath: m_LocalRotation.x
      value: 0.000000021855694
      objectReference: {fileID: 0}
    - target: {fileID: 400000, guid: fe74bd959d3a0f540933cb4f8036170b, type: 3}
      propertyPath: m_LocalRotation.y
      value: -0.00000008742278
      objectReference: {fileID: 0}
    - target: {fileID: 400000, guid: fe74bd959d3a0f540933cb4f8036170b, type: 3}
      propertyPath: m_LocalRotation.z
      value: 1.9106855e-15
      objectReference: {fileID: 0}
    - target: {fileID: 400000, guid: fe74bd959d3a0f540933cb4f8036170b, type: 3}
      propertyPath: m_LocalRotation.w
      value: 1
      objectReference: {fileID: 0}
    - target: {fileID: 400000, guid: fe74bd959d3a0f540933cb4f8036170b, type: 3}
      propertyPath: m_RootOrder
      value: 0
      objectReference: {fileID: 0}
    m_RemovedComponents: []
  m_SourcePrefab: {fileID: 100100000, guid: fe74bd959d3a0f540933cb4f8036170b, type: 3}
--- !u!4 &1041005426621155770 stripped
Transform:
  m_CorrespondingSourceObject: {fileID: 400000, guid: fe74bd959d3a0f540933cb4f8036170b,
    type: 3}
  m_PrefabInstance: {fileID: 1041005426621289274}
  m_PrefabAsset: {fileID: 0}
--- !u!1001 &1041005426684945495
PrefabInstance:
  m_ObjectHideFlags: 0
  serializedVersion: 2
  m_Modification:
    m_TransformParent: {fileID: 1041005428612274071}
    m_Modifications:
    - target: {fileID: 100000, guid: fe74bd959d3a0f540933cb4f8036170b, type: 3}
      propertyPath: m_Name
      value: RockPlatform1Corner (3)
      objectReference: {fileID: 0}
    - target: {fileID: 100000, guid: fe74bd959d3a0f540933cb4f8036170b, type: 3}
      propertyPath: m_StaticEditorFlags
      value: 4294967295
      objectReference: {fileID: 0}
    - target: {fileID: 400000, guid: fe74bd959d3a0f540933cb4f8036170b, type: 3}
      propertyPath: m_LocalPosition.x
      value: -31.68
      objectReference: {fileID: 0}
    - target: {fileID: 400000, guid: fe74bd959d3a0f540933cb4f8036170b, type: 3}
      propertyPath: m_LocalPosition.y
      value: 11.608
      objectReference: {fileID: 0}
    - target: {fileID: 400000, guid: fe74bd959d3a0f540933cb4f8036170b, type: 3}
      propertyPath: m_LocalPosition.z
      value: 6.79
      objectReference: {fileID: 0}
    - target: {fileID: 400000, guid: fe74bd959d3a0f540933cb4f8036170b, type: 3}
      propertyPath: m_LocalRotation.x
      value: 0.000000015454315
      objectReference: {fileID: 0}
    - target: {fileID: 400000, guid: fe74bd959d3a0f540933cb4f8036170b, type: 3}
      propertyPath: m_LocalRotation.y
      value: -0.7071067
      objectReference: {fileID: 0}
    - target: {fileID: 400000, guid: fe74bd959d3a0f540933cb4f8036170b, type: 3}
      propertyPath: m_LocalRotation.z
      value: -0.000000015454306
      objectReference: {fileID: 0}
    - target: {fileID: 400000, guid: fe74bd959d3a0f540933cb4f8036170b, type: 3}
      propertyPath: m_LocalRotation.w
      value: 0.70710695
      objectReference: {fileID: 0}
    - target: {fileID: 400000, guid: fe74bd959d3a0f540933cb4f8036170b, type: 3}
      propertyPath: m_RootOrder
      value: 2
      objectReference: {fileID: 0}
    m_RemovedComponents: []
  m_SourcePrefab: {fileID: 100100000, guid: fe74bd959d3a0f540933cb4f8036170b, type: 3}
--- !u!4 &1041005426684559063 stripped
Transform:
  m_CorrespondingSourceObject: {fileID: 400000, guid: fe74bd959d3a0f540933cb4f8036170b,
    type: 3}
  m_PrefabInstance: {fileID: 1041005426684945495}
  m_PrefabAsset: {fileID: 0}
--- !u!1001 &1041005426695129573
PrefabInstance:
  m_ObjectHideFlags: 0
  serializedVersion: 2
  m_Modification:
    m_TransformParent: {fileID: 1041005428612274071}
    m_Modifications:
    - target: {fileID: 100000, guid: 15f9456fd30baf24c87cdab5c423ca92, type: 3}
      propertyPath: m_StaticEditorFlags
      value: 4294967295
      objectReference: {fileID: 0}
    - target: {fileID: 400000, guid: 15f9456fd30baf24c87cdab5c423ca92, type: 3}
      propertyPath: m_LocalPosition.x
      value: -42.39
      objectReference: {fileID: 0}
    - target: {fileID: 400000, guid: 15f9456fd30baf24c87cdab5c423ca92, type: 3}
      propertyPath: m_LocalPosition.y
      value: 7.49
      objectReference: {fileID: 0}
    - target: {fileID: 400000, guid: 15f9456fd30baf24c87cdab5c423ca92, type: 3}
      propertyPath: m_LocalPosition.z
      value: -7.3
      objectReference: {fileID: 0}
    - target: {fileID: 400000, guid: 15f9456fd30baf24c87cdab5c423ca92, type: 3}
      propertyPath: m_LocalRotation.x
      value: 0.000000021855694
      objectReference: {fileID: 0}
    - target: {fileID: 400000, guid: 15f9456fd30baf24c87cdab5c423ca92, type: 3}
      propertyPath: m_LocalRotation.y
      value: 0
      objectReference: {fileID: 0}
    - target: {fileID: 400000, guid: 15f9456fd30baf24c87cdab5c423ca92, type: 3}
      propertyPath: m_LocalRotation.z
      value: 0
      objectReference: {fileID: 0}
    - target: {fileID: 400000, guid: 15f9456fd30baf24c87cdab5c423ca92, type: 3}
      propertyPath: m_LocalRotation.w
      value: 1
      objectReference: {fileID: 0}
    - target: {fileID: 400000, guid: 15f9456fd30baf24c87cdab5c423ca92, type: 3}
      propertyPath: m_RootOrder
      value: 17
      objectReference: {fileID: 0}
    m_RemovedComponents: []
  m_SourcePrefab: {fileID: 100100000, guid: 15f9456fd30baf24c87cdab5c423ca92, type: 3}
--- !u!4 &1041005426695263077 stripped
Transform:
  m_CorrespondingSourceObject: {fileID: 400000, guid: 15f9456fd30baf24c87cdab5c423ca92,
    type: 3}
  m_PrefabInstance: {fileID: 1041005426695129573}
  m_PrefabAsset: {fileID: 0}
--- !u!1001 &1041005426828813201
PrefabInstance:
  m_ObjectHideFlags: 0
  serializedVersion: 2
  m_Modification:
    m_TransformParent: {fileID: 1041005428612274071}
    m_Modifications:
    - target: {fileID: 100000, guid: 5535cde355c073a499e465af6a57216c, type: 3}
      propertyPath: m_Name
      value: RockPlatform2Sidless (6)
      objectReference: {fileID: 0}
    - target: {fileID: 100000, guid: 5535cde355c073a499e465af6a57216c, type: 3}
      propertyPath: m_StaticEditorFlags
      value: 4294967295
      objectReference: {fileID: 0}
    - target: {fileID: 400000, guid: 5535cde355c073a499e465af6a57216c, type: 3}
      propertyPath: m_LocalPosition.x
      value: -7.68
      objectReference: {fileID: 0}
    - target: {fileID: 400000, guid: 5535cde355c073a499e465af6a57216c, type: 3}
      propertyPath: m_LocalPosition.y
      value: 11.61
      objectReference: {fileID: 0}
    - target: {fileID: 400000, guid: 5535cde355c073a499e465af6a57216c, type: 3}
      propertyPath: m_LocalPosition.z
      value: -9.21
      objectReference: {fileID: 0}
    - target: {fileID: 400000, guid: 5535cde355c073a499e465af6a57216c, type: 3}
      propertyPath: m_LocalRotation.x
      value: 0
      objectReference: {fileID: 0}
    - target: {fileID: 400000, guid: 5535cde355c073a499e465af6a57216c, type: 3}
      propertyPath: m_LocalRotation.y
      value: 1
      objectReference: {fileID: 0}
    - target: {fileID: 400000, guid: 5535cde355c073a499e465af6a57216c, type: 3}
      propertyPath: m_LocalRotation.z
      value: 0
      objectReference: {fileID: 0}
    - target: {fileID: 400000, guid: 5535cde355c073a499e465af6a57216c, type: 3}
      propertyPath: m_LocalRotation.w
      value: 0
      objectReference: {fileID: 0}
    - target: {fileID: 400000, guid: 5535cde355c073a499e465af6a57216c, type: 3}
      propertyPath: m_RootOrder
      value: 14
      objectReference: {fileID: 0}
    - target: {fileID: 400000, guid: 5535cde355c073a499e465af6a57216c, type: 3}
      propertyPath: m_LocalEulerAnglesHint.y
      value: 180
      objectReference: {fileID: 0}
    m_RemovedComponents: []
  m_SourcePrefab: {fileID: 100100000, guid: 5535cde355c073a499e465af6a57216c, type: 3}
--- !u!4 &1041005426828949777 stripped
Transform:
  m_CorrespondingSourceObject: {fileID: 400000, guid: 5535cde355c073a499e465af6a57216c,
    type: 3}
  m_PrefabInstance: {fileID: 1041005426828813201}
  m_PrefabAsset: {fileID: 0}
--- !u!1001 &1041005426899801992
PrefabInstance:
  m_ObjectHideFlags: 0
  serializedVersion: 2
  m_Modification:
    m_TransformParent: {fileID: 1041005428612274071}
    m_Modifications:
    - target: {fileID: 100000, guid: 7f3b32d3f726827438c2d9f42e5f2005, type: 3}
      propertyPath: m_StaticEditorFlags
      value: 4294967295
      objectReference: {fileID: 0}
    - target: {fileID: 400000, guid: 7f3b32d3f726827438c2d9f42e5f2005, type: 3}
      propertyPath: m_LocalPosition.x
      value: -23.68
      objectReference: {fileID: 0}
    - target: {fileID: 400000, guid: 7f3b32d3f726827438c2d9f42e5f2005, type: 3}
      propertyPath: m_LocalPosition.y
      value: 11.608
      objectReference: {fileID: 0}
    - target: {fileID: 400000, guid: 7f3b32d3f726827438c2d9f42e5f2005, type: 3}
      propertyPath: m_LocalPosition.z
      value: 10.788
      objectReference: {fileID: 0}
    - target: {fileID: 400000, guid: 7f3b32d3f726827438c2d9f42e5f2005, type: 3}
      propertyPath: m_LocalRotation.x
      value: 0.000000021855694
      objectReference: {fileID: 0}
    - target: {fileID: 400000, guid: 7f3b32d3f726827438c2d9f42e5f2005, type: 3}
      propertyPath: m_LocalRotation.y
      value: 0
      objectReference: {fileID: 0}
    - target: {fileID: 400000, guid: 7f3b32d3f726827438c2d9f42e5f2005, type: 3}
      propertyPath: m_LocalRotation.z
      value: 0
      objectReference: {fileID: 0}
    - target: {fileID: 400000, guid: 7f3b32d3f726827438c2d9f42e5f2005, type: 3}
      propertyPath: m_LocalRotation.w
      value: 1
      objectReference: {fileID: 0}
    - target: {fileID: 400000, guid: 7f3b32d3f726827438c2d9f42e5f2005, type: 3}
      propertyPath: m_RootOrder
      value: 4
      objectReference: {fileID: 0}
    m_RemovedComponents: []
  m_SourcePrefab: {fileID: 100100000, guid: 7f3b32d3f726827438c2d9f42e5f2005, type: 3}
--- !u!4 &1041005426899668232 stripped
Transform:
  m_CorrespondingSourceObject: {fileID: 400000, guid: 7f3b32d3f726827438c2d9f42e5f2005,
    type: 3}
  m_PrefabInstance: {fileID: 1041005426899801992}
  m_PrefabAsset: {fileID: 0}
--- !u!1001 &1041005427099174418
PrefabInstance:
  m_ObjectHideFlags: 0
  serializedVersion: 2
  m_Modification:
    m_TransformParent: {fileID: 1041005428612274071}
    m_Modifications:
    - target: {fileID: 100000, guid: fe74bd959d3a0f540933cb4f8036170b, type: 3}
      propertyPath: m_Name
      value: RockPlatform1Corner (9)
      objectReference: {fileID: 0}
    - target: {fileID: 100000, guid: fe74bd959d3a0f540933cb4f8036170b, type: 3}
      propertyPath: m_StaticEditorFlags
      value: 4294967295
      objectReference: {fileID: 0}
    - target: {fileID: 400000, guid: fe74bd959d3a0f540933cb4f8036170b, type: 3}
      propertyPath: m_LocalPosition.x
      value: -11.75
      objectReference: {fileID: 0}
    - target: {fileID: 400000, guid: fe74bd959d3a0f540933cb4f8036170b, type: 3}
      propertyPath: m_LocalPosition.y
      value: 11.608
      objectReference: {fileID: 0}
    - target: {fileID: 400000, guid: fe74bd959d3a0f540933cb4f8036170b, type: 3}
      propertyPath: m_LocalPosition.z
      value: 10.73
      objectReference: {fileID: 0}
    - target: {fileID: 400000, guid: fe74bd959d3a0f540933cb4f8036170b, type: 3}
      propertyPath: m_LocalRotation.x
      value: 0
      objectReference: {fileID: 0}
    - target: {fileID: 400000, guid: fe74bd959d3a0f540933cb4f8036170b, type: 3}
      propertyPath: m_LocalRotation.y
      value: 0.7071068
      objectReference: {fileID: 0}
    - target: {fileID: 400000, guid: fe74bd959d3a0f540933cb4f8036170b, type: 3}
      propertyPath: m_LocalRotation.z
      value: 0
      objectReference: {fileID: 0}
    - target: {fileID: 400000, guid: fe74bd959d3a0f540933cb4f8036170b, type: 3}
      propertyPath: m_LocalRotation.w
      value: 0.7071068
      objectReference: {fileID: 0}
    - target: {fileID: 400000, guid: fe74bd959d3a0f540933cb4f8036170b, type: 3}
      propertyPath: m_RootOrder
      value: 15
      objectReference: {fileID: 0}
    - target: {fileID: 400000, guid: fe74bd959d3a0f540933cb4f8036170b, type: 3}
      propertyPath: m_LocalEulerAnglesHint.y
      value: 90
      objectReference: {fileID: 0}
    m_RemovedComponents: []
  m_SourcePrefab: {fileID: 100100000, guid: fe74bd959d3a0f540933cb4f8036170b, type: 3}
--- !u!4 &1041005427099573394 stripped
Transform:
  m_CorrespondingSourceObject: {fileID: 400000, guid: fe74bd959d3a0f540933cb4f8036170b,
    type: 3}
  m_PrefabInstance: {fileID: 1041005427099174418}
  m_PrefabAsset: {fileID: 0}
--- !u!1001 &1041005427144685121
PrefabInstance:
  m_ObjectHideFlags: 0
  serializedVersion: 2
  m_Modification:
    m_TransformParent: {fileID: 1041005428612274071}
    m_Modifications:
    - target: {fileID: 100000, guid: 17496bcfd76f8b048b05c45eb46d9327, type: 3}
      propertyPath: m_Name
      value: RockPlatform1Sidless (2)
      objectReference: {fileID: 0}
    - target: {fileID: 100000, guid: 17496bcfd76f8b048b05c45eb46d9327, type: 3}
      propertyPath: m_StaticEditorFlags
      value: 4294967295
      objectReference: {fileID: 0}
    - target: {fileID: 400000, guid: 17496bcfd76f8b048b05c45eb46d9327, type: 3}
      propertyPath: m_LocalPosition.x
      value: -31.68
      objectReference: {fileID: 0}
    - target: {fileID: 400000, guid: 17496bcfd76f8b048b05c45eb46d9327, type: 3}
      propertyPath: m_LocalPosition.y
      value: 11.608
      objectReference: {fileID: 0}
    - target: {fileID: 400000, guid: 17496bcfd76f8b048b05c45eb46d9327, type: 3}
      propertyPath: m_LocalPosition.z
      value: 2.788
      objectReference: {fileID: 0}
    - target: {fileID: 400000, guid: 17496bcfd76f8b048b05c45eb46d9327, type: 3}
      propertyPath: m_LocalRotation.x
      value: 0.000000015454305
      objectReference: {fileID: 0}
    - target: {fileID: 400000, guid: 17496bcfd76f8b048b05c45eb46d9327, type: 3}
      propertyPath: m_LocalRotation.y
      value: -0.7071074
      objectReference: {fileID: 0}
    - target: {fileID: 400000, guid: 17496bcfd76f8b048b05c45eb46d9327, type: 3}
      propertyPath: m_LocalRotation.z
      value: -0.000000015454319
      objectReference: {fileID: 0}
    - target: {fileID: 400000, guid: 17496bcfd76f8b048b05c45eb46d9327, type: 3}
      propertyPath: m_LocalRotation.w
      value: 0.70710623
      objectReference: {fileID: 0}
    - target: {fileID: 400000, guid: 17496bcfd76f8b048b05c45eb46d9327, type: 3}
      propertyPath: m_RootOrder
      value: 5
      objectReference: {fileID: 0}
    - target: {fileID: 400000, guid: 17496bcfd76f8b048b05c45eb46d9327, type: 3}
      propertyPath: m_LocalScale.x
      value: 1
      objectReference: {fileID: 0}
    - target: {fileID: 400000, guid: 17496bcfd76f8b048b05c45eb46d9327, type: 3}
      propertyPath: m_LocalScale.z
      value: 1
      objectReference: {fileID: 0}
    m_RemovedComponents: []
  m_SourcePrefab: {fileID: 100100000, guid: 17496bcfd76f8b048b05c45eb46d9327, type: 3}
--- !u!4 &1041005427144289473 stripped
Transform:
  m_CorrespondingSourceObject: {fileID: 400000, guid: 17496bcfd76f8b048b05c45eb46d9327,
    type: 3}
  m_PrefabInstance: {fileID: 1041005427144685121}
  m_PrefabAsset: {fileID: 0}
--- !u!1001 &1041005427184271484
PrefabInstance:
  m_ObjectHideFlags: 0
  serializedVersion: 2
  m_Modification:
    m_TransformParent: {fileID: 1041005428612274071}
    m_Modifications:
    - target: {fileID: 100000, guid: 5535cde355c073a499e465af6a57216c, type: 3}
      propertyPath: m_Name
      value: RockPlatform2Sidless (3)
      objectReference: {fileID: 0}
    - target: {fileID: 100000, guid: 5535cde355c073a499e465af6a57216c, type: 3}
      propertyPath: m_StaticEditorFlags
      value: 4294967295
      objectReference: {fileID: 0}
    - target: {fileID: 400000, guid: 5535cde355c073a499e465af6a57216c, type: 3}
      propertyPath: m_LocalPosition.x
      value: -27.68
      objectReference: {fileID: 0}
    - target: {fileID: 400000, guid: 5535cde355c073a499e465af6a57216c, type: 3}
      propertyPath: m_LocalPosition.y
      value: 11.608
      objectReference: {fileID: 0}
    - target: {fileID: 400000, guid: 5535cde355c073a499e465af6a57216c, type: 3}
      propertyPath: m_LocalPosition.z
      value: -1.212
      objectReference: {fileID: 0}
    - target: {fileID: 400000, guid: 5535cde355c073a499e465af6a57216c, type: 3}
      propertyPath: m_LocalRotation.x
      value: 0.000000021855698
      objectReference: {fileID: 0}
    - target: {fileID: 400000, guid: 5535cde355c073a499e465af6a57216c, type: 3}
      propertyPath: m_LocalRotation.y
      value: -0.00000055134296
      objectReference: {fileID: 0}
    - target: {fileID: 400000, guid: 5535cde355c073a499e465af6a57216c, type: 3}
      propertyPath: m_LocalRotation.z
      value: -0.000000027818137
      objectReference: {fileID: 0}
    - target: {fileID: 400000, guid: 5535cde355c073a499e465af6a57216c, type: 3}
      propertyPath: m_LocalRotation.w
      value: 1
      objectReference: {fileID: 0}
    - target: {fileID: 400000, guid: 5535cde355c073a499e465af6a57216c, type: 3}
      propertyPath: m_RootOrder
      value: 8
      objectReference: {fileID: 0}
    m_RemovedComponents: []
  m_SourcePrefab: {fileID: 100100000, guid: 5535cde355c073a499e465af6a57216c, type: 3}
--- !u!4 &1041005427184409340 stripped
Transform:
  m_CorrespondingSourceObject: {fileID: 400000, guid: 5535cde355c073a499e465af6a57216c,
    type: 3}
  m_PrefabInstance: {fileID: 1041005427184271484}
  m_PrefabAsset: {fileID: 0}
--- !u!1001 &1041005427515387752
PrefabInstance:
  m_ObjectHideFlags: 0
  serializedVersion: 2
  m_Modification:
    m_TransformParent: {fileID: 1041005428612274071}
    m_Modifications:
    - target: {fileID: 100000, guid: 488dfbbef3f8c8a4795c9ca6f8cc50eb, type: 3}
      propertyPath: m_Name
      value: GroundTile (11)
      objectReference: {fileID: 0}
    - target: {fileID: 100000, guid: 488dfbbef3f8c8a4795c9ca6f8cc50eb, type: 3}
      propertyPath: m_StaticEditorFlags
      value: 4294967295
      objectReference: {fileID: 0}
    - target: {fileID: 400000, guid: 488dfbbef3f8c8a4795c9ca6f8cc50eb, type: 3}
      propertyPath: m_LocalPosition.x
      value: -23.68
      objectReference: {fileID: 0}
    - target: {fileID: 400000, guid: 488dfbbef3f8c8a4795c9ca6f8cc50eb, type: 3}
      propertyPath: m_LocalPosition.y
      value: 11.608
      objectReference: {fileID: 0}
    - target: {fileID: 400000, guid: 488dfbbef3f8c8a4795c9ca6f8cc50eb, type: 3}
      propertyPath: m_LocalPosition.z
      value: 6.788
      objectReference: {fileID: 0}
    - target: {fileID: 400000, guid: 488dfbbef3f8c8a4795c9ca6f8cc50eb, type: 3}
      propertyPath: m_LocalRotation.x
      value: 0.000000021855694
      objectReference: {fileID: 0}
    - target: {fileID: 400000, guid: 488dfbbef3f8c8a4795c9ca6f8cc50eb, type: 3}
      propertyPath: m_LocalRotation.y
      value: 0
      objectReference: {fileID: 0}
    - target: {fileID: 400000, guid: 488dfbbef3f8c8a4795c9ca6f8cc50eb, type: 3}
      propertyPath: m_LocalRotation.z
      value: 0
      objectReference: {fileID: 0}
    - target: {fileID: 400000, guid: 488dfbbef3f8c8a4795c9ca6f8cc50eb, type: 3}
      propertyPath: m_LocalRotation.w
      value: 1
      objectReference: {fileID: 0}
    - target: {fileID: 400000, guid: 488dfbbef3f8c8a4795c9ca6f8cc50eb, type: 3}
      propertyPath: m_RootOrder
      value: 7
      objectReference: {fileID: 0}
    m_RemovedComponents: []
  m_SourcePrefab: {fileID: 100100000, guid: 488dfbbef3f8c8a4795c9ca6f8cc50eb, type: 3}
--- !u!4 &1041005427514996200 stripped
Transform:
  m_CorrespondingSourceObject: {fileID: 400000, guid: 488dfbbef3f8c8a4795c9ca6f8cc50eb,
    type: 3}
  m_PrefabInstance: {fileID: 1041005427515387752}
  m_PrefabAsset: {fileID: 0}
--- !u!1001 &1041005427624280300
PrefabInstance:
  m_ObjectHideFlags: 0
  serializedVersion: 2
  m_Modification:
    m_TransformParent: {fileID: 1041005428612274071}
    m_Modifications:
    - target: {fileID: 100000, guid: 5535cde355c073a499e465af6a57216c, type: 3}
      propertyPath: m_Name
      value: RockPlatform2Sidless (4)
      objectReference: {fileID: 0}
    - target: {fileID: 100000, guid: 5535cde355c073a499e465af6a57216c, type: 3}
      propertyPath: m_StaticEditorFlags
      value: 4294967295
      objectReference: {fileID: 0}
    - target: {fileID: 400000, guid: 5535cde355c073a499e465af6a57216c, type: 3}
      propertyPath: m_LocalPosition.x
      value: -19.68
      objectReference: {fileID: 0}
    - target: {fileID: 400000, guid: 5535cde355c073a499e465af6a57216c, type: 3}
      propertyPath: m_LocalPosition.y
      value: 11.608
      objectReference: {fileID: 0}
    - target: {fileID: 400000, guid: 5535cde355c073a499e465af6a57216c, type: 3}
      propertyPath: m_LocalPosition.z
      value: -13.212
      objectReference: {fileID: 0}
    - target: {fileID: 400000, guid: 5535cde355c073a499e465af6a57216c, type: 3}
      propertyPath: m_LocalRotation.x
      value: -0.000000004216073
      objectReference: {fileID: 0}
    - target: {fileID: 400000, guid: 5535cde355c073a499e465af6a57216c, type: 3}
      propertyPath: m_LocalRotation.y
      value: -0.70710707
      objectReference: {fileID: 0}
    - target: {fileID: 400000, guid: 5535cde355c073a499e465af6a57216c, type: 3}
      propertyPath: m_LocalRotation.z
      value: -0.00000003512471
      objectReference: {fileID: 0}
    - target: {fileID: 400000, guid: 5535cde355c073a499e465af6a57216c, type: 3}
      propertyPath: m_LocalRotation.w
      value: 0.70710653
      objectReference: {fileID: 0}
    - target: {fileID: 400000, guid: 5535cde355c073a499e465af6a57216c, type: 3}
      propertyPath: m_RootOrder
      value: 12
      objectReference: {fileID: 0}
    m_RemovedComponents: []
  m_SourcePrefab: {fileID: 100100000, guid: 5535cde355c073a499e465af6a57216c, type: 3}
--- !u!4 &1041005427624155756 stripped
Transform:
  m_CorrespondingSourceObject: {fileID: 400000, guid: 5535cde355c073a499e465af6a57216c,
    type: 3}
  m_PrefabInstance: {fileID: 1041005427624280300}
  m_PrefabAsset: {fileID: 0}
--- !u!1001 &1041005428171045534
PrefabInstance:
  m_ObjectHideFlags: 0
  serializedVersion: 2
  m_Modification:
    m_TransformParent: {fileID: 1041005428612274071}
    m_Modifications:
    - target: {fileID: 100000, guid: 5535cde355c073a499e465af6a57216c, type: 3}
      propertyPath: m_Name
      value: RockPlatform2Sidless (2)
      objectReference: {fileID: 0}
    - target: {fileID: 100000, guid: 5535cde355c073a499e465af6a57216c, type: 3}
      propertyPath: m_StaticEditorFlags
      value: 4294967295
      objectReference: {fileID: 0}
    - target: {fileID: 400000, guid: 5535cde355c073a499e465af6a57216c, type: 3}
      propertyPath: m_LocalPosition.x
      value: -35.68
      objectReference: {fileID: 0}
    - target: {fileID: 400000, guid: 5535cde355c073a499e465af6a57216c, type: 3}
      propertyPath: m_LocalPosition.y
      value: 11.608
      objectReference: {fileID: 0}
    - target: {fileID: 400000, guid: 5535cde355c073a499e465af6a57216c, type: 3}
      propertyPath: m_LocalPosition.z
      value: 10.788
      objectReference: {fileID: 0}
    - target: {fileID: 400000, guid: 5535cde355c073a499e465af6a57216c, type: 3}
      propertyPath: m_LocalRotation.x
      value: -0.00000000596244
      objectReference: {fileID: 0}
    - target: {fileID: 400000, guid: 5535cde355c073a499e465af6a57216c, type: 3}
      propertyPath: m_LocalRotation.y
      value: -3.011922e-24
      objectReference: {fileID: 0}
    - target: {fileID: 400000, guid: 5535cde355c073a499e465af6a57216c, type: 3}
      propertyPath: m_LocalRotation.z
      value: 1.7664889e-16
      objectReference: {fileID: 0}
    - target: {fileID: 400000, guid: 5535cde355c073a499e465af6a57216c, type: 3}
      propertyPath: m_LocalRotation.w
      value: 1
      objectReference: {fileID: 0}
    - target: {fileID: 400000, guid: 5535cde355c073a499e465af6a57216c, type: 3}
      propertyPath: m_RootOrder
      value: 1
      objectReference: {fileID: 0}
    m_RemovedComponents: []
  m_SourcePrefab: {fileID: 100100000, guid: 5535cde355c073a499e465af6a57216c, type: 3}
--- !u!4 &1041005428171169822 stripped
Transform:
  m_CorrespondingSourceObject: {fileID: 400000, guid: 5535cde355c073a499e465af6a57216c,
    type: 3}
  m_PrefabInstance: {fileID: 1041005428171045534}
  m_PrefabAsset: {fileID: 0}
--- !u!1001 &1041005428342771631
PrefabInstance:
  m_ObjectHideFlags: 0
  serializedVersion: 2
  m_Modification:
    m_TransformParent: {fileID: 1041005428612274071}
    m_Modifications:
    - target: {fileID: 100000, guid: 17496bcfd76f8b048b05c45eb46d9327, type: 3}
      propertyPath: m_Name
      value: RockPlatform1Sidless (3)
      objectReference: {fileID: 0}
    - target: {fileID: 100000, guid: 17496bcfd76f8b048b05c45eb46d9327, type: 3}
      propertyPath: m_StaticEditorFlags
      value: 4294967295
      objectReference: {fileID: 0}
    - target: {fileID: 400000, guid: 17496bcfd76f8b048b05c45eb46d9327, type: 3}
      propertyPath: m_LocalPosition.x
      value: -27.68
      objectReference: {fileID: 0}
    - target: {fileID: 400000, guid: 17496bcfd76f8b048b05c45eb46d9327, type: 3}
      propertyPath: m_LocalPosition.y
      value: 11.608
      objectReference: {fileID: 0}
    - target: {fileID: 400000, guid: 17496bcfd76f8b048b05c45eb46d9327, type: 3}
      propertyPath: m_LocalPosition.z
      value: 2.788
      objectReference: {fileID: 0}
    - target: {fileID: 400000, guid: 17496bcfd76f8b048b05c45eb46d9327, type: 3}
      propertyPath: m_LocalRotation.x
      value: 0.000000021855703
      objectReference: {fileID: 0}
    - target: {fileID: 400000, guid: 17496bcfd76f8b048b05c45eb46d9327, type: 3}
      propertyPath: m_LocalRotation.y
      value: -0.00000014901161
      objectReference: {fileID: 0}
    - target: {fileID: 400000, guid: 17496bcfd76f8b048b05c45eb46d9327, type: 3}
      propertyPath: m_LocalRotation.z
      value: 6.7672605e-15
      objectReference: {fileID: 0}
    - target: {fileID: 400000, guid: 17496bcfd76f8b048b05c45eb46d9327, type: 3}
      propertyPath: m_LocalRotation.w
      value: 1
      objectReference: {fileID: 0}
    - target: {fileID: 400000, guid: 17496bcfd76f8b048b05c45eb46d9327, type: 3}
      propertyPath: m_RootOrder
      value: 6
      objectReference: {fileID: 0}
    - target: {fileID: 400000, guid: 17496bcfd76f8b048b05c45eb46d9327, type: 3}
      propertyPath: m_LocalScale.x
      value: 1
      objectReference: {fileID: 0}
    - target: {fileID: 400000, guid: 17496bcfd76f8b048b05c45eb46d9327, type: 3}
      propertyPath: m_LocalScale.z
      value: 1
      objectReference: {fileID: 0}
    m_RemovedComponents: []
  m_SourcePrefab: {fileID: 100100000, guid: 17496bcfd76f8b048b05c45eb46d9327, type: 3}
--- !u!4 &1041005428342379823 stripped
Transform:
  m_CorrespondingSourceObject: {fileID: 400000, guid: 17496bcfd76f8b048b05c45eb46d9327,
    type: 3}
  m_PrefabInstance: {fileID: 1041005428342771631}
  m_PrefabAsset: {fileID: 0}
--- !u!1001 &1041005428350379054
PrefabInstance:
  m_ObjectHideFlags: 0
  serializedVersion: 2
  m_Modification:
    m_TransformParent: {fileID: 1041005428612274071}
    m_Modifications:
    - target: {fileID: 100000, guid: 5535cde355c073a499e465af6a57216c, type: 3}
      propertyPath: m_Name
      value: RockPlatform2Sidless (14)
      objectReference: {fileID: 0}
    - target: {fileID: 100000, guid: 5535cde355c073a499e465af6a57216c, type: 3}
      propertyPath: m_StaticEditorFlags
      value: 4294967295
      objectReference: {fileID: 0}
    - target: {fileID: 400000, guid: 5535cde355c073a499e465af6a57216c, type: 3}
      propertyPath: m_LocalPosition.x
      value: -27.68
      objectReference: {fileID: 0}
    - target: {fileID: 400000, guid: 5535cde355c073a499e465af6a57216c, type: 3}
      propertyPath: m_LocalPosition.y
      value: 11.608
      objectReference: {fileID: 0}
    - target: {fileID: 400000, guid: 5535cde355c073a499e465af6a57216c, type: 3}
      propertyPath: m_LocalPosition.z
      value: 14.788
      objectReference: {fileID: 0}
    - target: {fileID: 400000, guid: 5535cde355c073a499e465af6a57216c, type: 3}
      propertyPath: m_LocalRotation.x
      value: 0
      objectReference: {fileID: 0}
    - target: {fileID: 400000, guid: 5535cde355c073a499e465af6a57216c, type: 3}
      propertyPath: m_LocalRotation.y
      value: 0.7071068
      objectReference: {fileID: 0}
    - target: {fileID: 400000, guid: 5535cde355c073a499e465af6a57216c, type: 3}
      propertyPath: m_LocalRotation.z
      value: 0
      objectReference: {fileID: 0}
    - target: {fileID: 400000, guid: 5535cde355c073a499e465af6a57216c, type: 3}
      propertyPath: m_LocalRotation.w
      value: 0.7071068
      objectReference: {fileID: 0}
    - target: {fileID: 400000, guid: 5535cde355c073a499e465af6a57216c, type: 3}
      propertyPath: m_RootOrder
      value: 16
      objectReference: {fileID: 0}
    - target: {fileID: 400000, guid: 5535cde355c073a499e465af6a57216c, type: 3}
      propertyPath: m_LocalEulerAnglesHint.y
      value: 90
      objectReference: {fileID: 0}
    m_RemovedComponents: []
  m_SourcePrefab: {fileID: 100100000, guid: 5535cde355c073a499e465af6a57216c, type: 3}
--- !u!4 &1041005428350516910 stripped
Transform:
  m_CorrespondingSourceObject: {fileID: 400000, guid: 5535cde355c073a499e465af6a57216c,
    type: 3}
  m_PrefabInstance: {fileID: 1041005428350379054}
  m_PrefabAsset: {fileID: 0}
--- !u!1001 &1041005428387928921
PrefabInstance:
  m_ObjectHideFlags: 0
  serializedVersion: 2
  m_Modification:
    m_TransformParent: {fileID: 1041005428612274071}
    m_Modifications:
    - target: {fileID: 100000, guid: 17496bcfd76f8b048b05c45eb46d9327, type: 3}
      propertyPath: m_Name
      value: RockPlatform1Sidless (6)
      objectReference: {fileID: 0}
    - target: {fileID: 100000, guid: 17496bcfd76f8b048b05c45eb46d9327, type: 3}
      propertyPath: m_StaticEditorFlags
      value: 4294967295
      objectReference: {fileID: 0}
    - target: {fileID: 400000, guid: 17496bcfd76f8b048b05c45eb46d9327, type: 3}
      propertyPath: m_LocalPosition.x
      value: -23.68
      objectReference: {fileID: 0}
    - target: {fileID: 400000, guid: 17496bcfd76f8b048b05c45eb46d9327, type: 3}
      propertyPath: m_LocalPosition.y
      value: 11.608
      objectReference: {fileID: 0}
    - target: {fileID: 400000, guid: 17496bcfd76f8b048b05c45eb46d9327, type: 3}
      propertyPath: m_LocalPosition.z
      value: -13.212
      objectReference: {fileID: 0}
    - target: {fileID: 400000, guid: 17496bcfd76f8b048b05c45eb46d9327, type: 3}
      propertyPath: m_LocalRotation.x
      value: 0.000000015454324
      objectReference: {fileID: 0}
    - target: {fileID: 400000, guid: 17496bcfd76f8b048b05c45eb46d9327, type: 3}
      propertyPath: m_LocalRotation.y
      value: -0.70710677
      objectReference: {fileID: 0}
    - target: {fileID: 400000, guid: 17496bcfd76f8b048b05c45eb46d9327, type: 3}
      propertyPath: m_LocalRotation.z
      value: -0.000000015454306
      objectReference: {fileID: 0}
    - target: {fileID: 400000, guid: 17496bcfd76f8b048b05c45eb46d9327, type: 3}
      propertyPath: m_LocalRotation.w
      value: 0.7071069
      objectReference: {fileID: 0}
    - target: {fileID: 400000, guid: 17496bcfd76f8b048b05c45eb46d9327, type: 3}
      propertyPath: m_RootOrder
      value: 13
      objectReference: {fileID: 0}
    - target: {fileID: 400000, guid: 17496bcfd76f8b048b05c45eb46d9327, type: 3}
      propertyPath: m_LocalScale.x
      value: 1
      objectReference: {fileID: 0}
    - target: {fileID: 400000, guid: 17496bcfd76f8b048b05c45eb46d9327, type: 3}
      propertyPath: m_LocalScale.z
      value: 1
      objectReference: {fileID: 0}
    m_RemovedComponents: []
  m_SourcePrefab: {fileID: 100100000, guid: 17496bcfd76f8b048b05c45eb46d9327, type: 3}
--- !u!4 &1041005428388315609 stripped
Transform:
  m_CorrespondingSourceObject: {fileID: 400000, guid: 17496bcfd76f8b048b05c45eb46d9327,
    type: 3}
  m_PrefabInstance: {fileID: 1041005428387928921}
  m_PrefabAsset: {fileID: 0}
--- !u!1001 &1041005428398400867
PrefabInstance:
  m_ObjectHideFlags: 0
  serializedVersion: 2
  m_Modification:
    m_TransformParent: {fileID: 1041005428612274071}
    m_Modifications:
    - target: {fileID: 100000, guid: 17496bcfd76f8b048b05c45eb46d9327, type: 3}
      propertyPath: m_Name
      value: RockPlatform1Sidless (5)
      objectReference: {fileID: 0}
    - target: {fileID: 100000, guid: 17496bcfd76f8b048b05c45eb46d9327, type: 3}
      propertyPath: m_StaticEditorFlags
      value: 4294967295
      objectReference: {fileID: 0}
    - target: {fileID: 400000, guid: 17496bcfd76f8b048b05c45eb46d9327, type: 3}
      propertyPath: m_LocalPosition.x
      value: -15.68
      objectReference: {fileID: 0}
    - target: {fileID: 400000, guid: 17496bcfd76f8b048b05c45eb46d9327, type: 3}
      propertyPath: m_LocalPosition.y
      value: 11.608
      objectReference: {fileID: 0}
    - target: {fileID: 400000, guid: 17496bcfd76f8b048b05c45eb46d9327, type: 3}
      propertyPath: m_LocalPosition.z
      value: -13.212
      objectReference: {fileID: 0}
    - target: {fileID: 400000, guid: 17496bcfd76f8b048b05c45eb46d9327, type: 3}
      propertyPath: m_LocalRotation.x
      value: 0.000000015454324
      objectReference: {fileID: 0}
    - target: {fileID: 400000, guid: 17496bcfd76f8b048b05c45eb46d9327, type: 3}
      propertyPath: m_LocalRotation.y
      value: -0.70710677
      objectReference: {fileID: 0}
    - target: {fileID: 400000, guid: 17496bcfd76f8b048b05c45eb46d9327, type: 3}
      propertyPath: m_LocalRotation.z
      value: -0.000000015454306
      objectReference: {fileID: 0}
    - target: {fileID: 400000, guid: 17496bcfd76f8b048b05c45eb46d9327, type: 3}
      propertyPath: m_LocalRotation.w
      value: 0.7071069
      objectReference: {fileID: 0}
    - target: {fileID: 400000, guid: 17496bcfd76f8b048b05c45eb46d9327, type: 3}
      propertyPath: m_RootOrder
      value: 11
      objectReference: {fileID: 0}
    - target: {fileID: 400000, guid: 17496bcfd76f8b048b05c45eb46d9327, type: 3}
      propertyPath: m_LocalScale.x
      value: 1
      objectReference: {fileID: 0}
    - target: {fileID: 400000, guid: 17496bcfd76f8b048b05c45eb46d9327, type: 3}
      propertyPath: m_LocalScale.z
      value: 1
      objectReference: {fileID: 0}
    m_RemovedComponents: []
  m_SourcePrefab: {fileID: 100100000, guid: 17496bcfd76f8b048b05c45eb46d9327, type: 3}
--- !u!4 &1041005428398800867 stripped
Transform:
  m_CorrespondingSourceObject: {fileID: 400000, guid: 17496bcfd76f8b048b05c45eb46d9327,
    type: 3}
  m_PrefabInstance: {fileID: 1041005428398400867}
  m_PrefabAsset: {fileID: 0}
--- !u!1001 &1041005428517057045
PrefabInstance:
  m_ObjectHideFlags: 0
  serializedVersion: 2
  m_Modification:
    m_TransformParent: {fileID: 1041005428612274071}
    m_Modifications:
    - target: {fileID: 100000, guid: fe74bd959d3a0f540933cb4f8036170b, type: 3}
      propertyPath: m_Name
      value: RockPlatform1Corner (4)
      objectReference: {fileID: 0}
    - target: {fileID: 100000, guid: fe74bd959d3a0f540933cb4f8036170b, type: 3}
      propertyPath: m_StaticEditorFlags
      value: 4294967295
      objectReference: {fileID: 0}
    - target: {fileID: 400000, guid: fe74bd959d3a0f540933cb4f8036170b, type: 3}
      propertyPath: m_LocalPosition.x
      value: -23.68
      objectReference: {fileID: 0}
    - target: {fileID: 400000, guid: fe74bd959d3a0f540933cb4f8036170b, type: 3}
      propertyPath: m_LocalPosition.y
      value: 11.608
      objectReference: {fileID: 0}
    - target: {fileID: 400000, guid: fe74bd959d3a0f540933cb4f8036170b, type: 3}
      propertyPath: m_LocalPosition.z
      value: -9.212
      objectReference: {fileID: 0}
    - target: {fileID: 400000, guid: fe74bd959d3a0f540933cb4f8036170b, type: 3}
      propertyPath: m_LocalRotation.x
      value: 0.000000015454315
      objectReference: {fileID: 0}
    - target: {fileID: 400000, guid: fe74bd959d3a0f540933cb4f8036170b, type: 3}
      propertyPath: m_LocalRotation.y
      value: -0.7071067
      objectReference: {fileID: 0}
    - target: {fileID: 400000, guid: fe74bd959d3a0f540933cb4f8036170b, type: 3}
      propertyPath: m_LocalRotation.z
      value: -0.000000015454306
      objectReference: {fileID: 0}
    - target: {fileID: 400000, guid: fe74bd959d3a0f540933cb4f8036170b, type: 3}
      propertyPath: m_LocalRotation.w
      value: 0.70710695
      objectReference: {fileID: 0}
    - target: {fileID: 400000, guid: fe74bd959d3a0f540933cb4f8036170b, type: 3}
      propertyPath: m_RootOrder
      value: 10
      objectReference: {fileID: 0}
    m_RemovedComponents: []
  m_SourcePrefab: {fileID: 100100000, guid: fe74bd959d3a0f540933cb4f8036170b, type: 3}
--- !u!4 &1041005428517185685 stripped
Transform:
  m_CorrespondingSourceObject: {fileID: 400000, guid: fe74bd959d3a0f540933cb4f8036170b,
    type: 3}
  m_PrefabInstance: {fileID: 1041005428517057045}
  m_PrefabAsset: {fileID: 0}
--- !u!1001 &1041005428541743390
PrefabInstance:
  m_ObjectHideFlags: 0
  serializedVersion: 2
  m_Modification:
    m_TransformParent: {fileID: 1041005428612274071}
    m_Modifications:
    - target: {fileID: 100000, guid: 17496bcfd76f8b048b05c45eb46d9327, type: 3}
      propertyPath: m_Name
      value: RockPlatform1Sidless (4)
      objectReference: {fileID: 0}
    - target: {fileID: 100000, guid: 17496bcfd76f8b048b05c45eb46d9327, type: 3}
      propertyPath: m_StaticEditorFlags
      value: 4294967295
      objectReference: {fileID: 0}
    - target: {fileID: 400000, guid: 17496bcfd76f8b048b05c45eb46d9327, type: 3}
      propertyPath: m_LocalPosition.x
      value: -27.68
      objectReference: {fileID: 0}
    - target: {fileID: 400000, guid: 17496bcfd76f8b048b05c45eb46d9327, type: 3}
      propertyPath: m_LocalPosition.y
      value: 11.608
      objectReference: {fileID: 0}
    - target: {fileID: 400000, guid: 17496bcfd76f8b048b05c45eb46d9327, type: 3}
      propertyPath: m_LocalPosition.z
      value: -5.212
      objectReference: {fileID: 0}
    - target: {fileID: 400000, guid: 17496bcfd76f8b048b05c45eb46d9327, type: 3}
      propertyPath: m_LocalRotation.x
      value: 0.000000021855703
      objectReference: {fileID: 0}
    - target: {fileID: 400000, guid: 17496bcfd76f8b048b05c45eb46d9327, type: 3}
      propertyPath: m_LocalRotation.y
      value: -0.00000014901161
      objectReference: {fileID: 0}
    - target: {fileID: 400000, guid: 17496bcfd76f8b048b05c45eb46d9327, type: 3}
      propertyPath: m_LocalRotation.z
      value: 6.7672605e-15
      objectReference: {fileID: 0}
    - target: {fileID: 400000, guid: 17496bcfd76f8b048b05c45eb46d9327, type: 3}
      propertyPath: m_LocalRotation.w
      value: 1
      objectReference: {fileID: 0}
    - target: {fileID: 400000, guid: 17496bcfd76f8b048b05c45eb46d9327, type: 3}
      propertyPath: m_RootOrder
      value: 9
      objectReference: {fileID: 0}
    - target: {fileID: 400000, guid: 17496bcfd76f8b048b05c45eb46d9327, type: 3}
      propertyPath: m_LocalScale.x
      value: 1
      objectReference: {fileID: 0}
    - target: {fileID: 400000, guid: 17496bcfd76f8b048b05c45eb46d9327, type: 3}
      propertyPath: m_LocalScale.z
      value: 1
      objectReference: {fileID: 0}
    m_RemovedComponents: []
  m_SourcePrefab: {fileID: 100100000, guid: 17496bcfd76f8b048b05c45eb46d9327, type: 3}
--- !u!4 &1041005428541881246 stripped
Transform:
  m_CorrespondingSourceObject: {fileID: 400000, guid: 17496bcfd76f8b048b05c45eb46d9327,
    type: 3}
  m_PrefabInstance: {fileID: 1041005428541743390}
  m_PrefabAsset: {fileID: 0}
--- !u!1001 &1801063261236630452
PrefabInstance:
  m_ObjectHideFlags: 0
  serializedVersion: 2
  m_Modification:
    m_TransformParent: {fileID: 1041005428612274071}
    m_Modifications:
    - target: {fileID: 100000, guid: 488dfbbef3f8c8a4795c9ca6f8cc50eb, type: 3}
      propertyPath: m_Name
      value: GroundTile (12)
      objectReference: {fileID: 0}
    - target: {fileID: 100000, guid: 488dfbbef3f8c8a4795c9ca6f8cc50eb, type: 3}
      propertyPath: m_StaticEditorFlags
      value: 4294967295
      objectReference: {fileID: 0}
    - target: {fileID: 400000, guid: 488dfbbef3f8c8a4795c9ca6f8cc50eb, type: 3}
      propertyPath: m_LocalPosition.x
      value: -11.66
      objectReference: {fileID: 0}
    - target: {fileID: 400000, guid: 488dfbbef3f8c8a4795c9ca6f8cc50eb, type: 3}
      propertyPath: m_LocalPosition.y
      value: 11.608
      objectReference: {fileID: 0}
    - target: {fileID: 400000, guid: 488dfbbef3f8c8a4795c9ca6f8cc50eb, type: 3}
      propertyPath: m_LocalPosition.z
      value: 10.78
      objectReference: {fileID: 0}
    - target: {fileID: 400000, guid: 488dfbbef3f8c8a4795c9ca6f8cc50eb, type: 3}
      propertyPath: m_LocalRotation.x
      value: 0
      objectReference: {fileID: 0}
    - target: {fileID: 400000, guid: 488dfbbef3f8c8a4795c9ca6f8cc50eb, type: 3}
      propertyPath: m_LocalRotation.y
      value: 0
      objectReference: {fileID: 0}
    - target: {fileID: 400000, guid: 488dfbbef3f8c8a4795c9ca6f8cc50eb, type: 3}
      propertyPath: m_LocalRotation.z
      value: 0
      objectReference: {fileID: 0}
    - target: {fileID: 400000, guid: 488dfbbef3f8c8a4795c9ca6f8cc50eb, type: 3}
      propertyPath: m_LocalRotation.w
      value: 1
      objectReference: {fileID: 0}
    - target: {fileID: 400000, guid: 488dfbbef3f8c8a4795c9ca6f8cc50eb, type: 3}
      propertyPath: m_RootOrder
      value: 27
      objectReference: {fileID: 0}
    - target: {fileID: 400000, guid: 488dfbbef3f8c8a4795c9ca6f8cc50eb, type: 3}
      propertyPath: m_LocalScale.x
      value: 3
      objectReference: {fileID: 0}
    - target: {fileID: 400000, guid: 488dfbbef3f8c8a4795c9ca6f8cc50eb, type: 3}
      propertyPath: m_LocalScale.z
      value: 5
      objectReference: {fileID: 0}
    m_RemovedComponents: []
  m_SourcePrefab: {fileID: 100100000, guid: 488dfbbef3f8c8a4795c9ca6f8cc50eb, type: 3}
--- !u!4 &1801063261236496692 stripped
Transform:
  m_CorrespondingSourceObject: {fileID: 400000, guid: 488dfbbef3f8c8a4795c9ca6f8cc50eb,
    type: 3}
  m_PrefabInstance: {fileID: 1801063261236630452}
  m_PrefabAsset: {fileID: 0}
--- !u!1001 &1922949674354165092
PrefabInstance:
  m_ObjectHideFlags: 0
  serializedVersion: 2
  m_Modification:
    m_TransformParent: {fileID: 1041005428612274071}
    m_Modifications:
    - target: {fileID: 100000, guid: 5535cde355c073a499e465af6a57216c, type: 3}
      propertyPath: m_Name
      value: RockPlatform2Sidless (25)
      objectReference: {fileID: 0}
    - target: {fileID: 100000, guid: 5535cde355c073a499e465af6a57216c, type: 3}
      propertyPath: m_StaticEditorFlags
      value: 4294967295
      objectReference: {fileID: 0}
    - target: {fileID: 400000, guid: 5535cde355c073a499e465af6a57216c, type: 3}
      propertyPath: m_LocalPosition.x
      value: -11.68
      objectReference: {fileID: 0}
    - target: {fileID: 400000, guid: 5535cde355c073a499e465af6a57216c, type: 3}
      propertyPath: m_LocalPosition.y
      value: 11.608
      objectReference: {fileID: 0}
    - target: {fileID: 400000, guid: 5535cde355c073a499e465af6a57216c, type: 3}
      propertyPath: m_LocalPosition.z
      value: 14.788
      objectReference: {fileID: 0}
    - target: {fileID: 400000, guid: 5535cde355c073a499e465af6a57216c, type: 3}
      propertyPath: m_LocalRotation.x
      value: 0
      objectReference: {fileID: 0}
    - target: {fileID: 400000, guid: 5535cde355c073a499e465af6a57216c, type: 3}
      propertyPath: m_LocalRotation.y
      value: 0.7071068
      objectReference: {fileID: 0}
    - target: {fileID: 400000, guid: 5535cde355c073a499e465af6a57216c, type: 3}
      propertyPath: m_LocalRotation.z
      value: 0
      objectReference: {fileID: 0}
    - target: {fileID: 400000, guid: 5535cde355c073a499e465af6a57216c, type: 3}
      propertyPath: m_LocalRotation.w
      value: 0.7071068
      objectReference: {fileID: 0}
    - target: {fileID: 400000, guid: 5535cde355c073a499e465af6a57216c, type: 3}
      propertyPath: m_RootOrder
      value: 21
      objectReference: {fileID: 0}
    - target: {fileID: 400000, guid: 5535cde355c073a499e465af6a57216c, type: 3}
      propertyPath: m_LocalEulerAnglesHint.y
      value: 90
      objectReference: {fileID: 0}
    m_RemovedComponents: []
  m_SourcePrefab: {fileID: 100100000, guid: 5535cde355c073a499e465af6a57216c, type: 3}
--- !u!4 &1922949674354040804 stripped
Transform:
  m_CorrespondingSourceObject: {fileID: 400000, guid: 5535cde355c073a499e465af6a57216c,
    type: 3}
  m_PrefabInstance: {fileID: 1922949674354165092}
  m_PrefabAsset: {fileID: 0}
--- !u!1001 &2965377834699054284
PrefabInstance:
  m_ObjectHideFlags: 0
  serializedVersion: 2
  m_Modification:
    m_TransformParent: {fileID: 1041005428612274071}
    m_Modifications:
    - target: {fileID: 100000, guid: 5535cde355c073a499e465af6a57216c, type: 3}
      propertyPath: m_Name
      value: RockPlatform2Sidless (11)
      objectReference: {fileID: 0}
    - target: {fileID: 100000, guid: 5535cde355c073a499e465af6a57216c, type: 3}
      propertyPath: m_StaticEditorFlags
      value: 4294967295
      objectReference: {fileID: 0}
    - target: {fileID: 400000, guid: 5535cde355c073a499e465af6a57216c, type: 3}
      propertyPath: m_LocalPosition.x
      value: -7.68
      objectReference: {fileID: 0}
    - target: {fileID: 400000, guid: 5535cde355c073a499e465af6a57216c, type: 3}
      propertyPath: m_LocalPosition.y
      value: 11.61
      objectReference: {fileID: 0}
    - target: {fileID: 400000, guid: 5535cde355c073a499e465af6a57216c, type: 3}
      propertyPath: m_LocalPosition.z
      value: 2.79
      objectReference: {fileID: 0}
    - target: {fileID: 400000, guid: 5535cde355c073a499e465af6a57216c, type: 3}
      propertyPath: m_LocalRotation.x
      value: 0
      objectReference: {fileID: 0}
    - target: {fileID: 400000, guid: 5535cde355c073a499e465af6a57216c, type: 3}
      propertyPath: m_LocalRotation.y
      value: 1
      objectReference: {fileID: 0}
    - target: {fileID: 400000, guid: 5535cde355c073a499e465af6a57216c, type: 3}
      propertyPath: m_LocalRotation.z
      value: 0
      objectReference: {fileID: 0}
    - target: {fileID: 400000, guid: 5535cde355c073a499e465af6a57216c, type: 3}
      propertyPath: m_LocalRotation.w
      value: 0
      objectReference: {fileID: 0}
    - target: {fileID: 400000, guid: 5535cde355c073a499e465af6a57216c, type: 3}
      propertyPath: m_RootOrder
      value: 24
      objectReference: {fileID: 0}
    - target: {fileID: 400000, guid: 5535cde355c073a499e465af6a57216c, type: 3}
      propertyPath: m_LocalEulerAnglesHint.y
      value: 180
      objectReference: {fileID: 0}
    m_RemovedComponents: []
  m_SourcePrefab: {fileID: 100100000, guid: 5535cde355c073a499e465af6a57216c, type: 3}
--- !u!4 &2965377834698917452 stripped
Transform:
  m_CorrespondingSourceObject: {fileID: 400000, guid: 5535cde355c073a499e465af6a57216c,
    type: 3}
  m_PrefabInstance: {fileID: 2965377834699054284}
  m_PrefabAsset: {fileID: 0}
--- !u!1001 &4244666952260656848
PrefabInstance:
  m_ObjectHideFlags: 0
  serializedVersion: 2
  m_Modification:
    m_TransformParent: {fileID: 1041005428612274071}
    m_Modifications:
    - target: {fileID: 100000, guid: 5535cde355c073a499e465af6a57216c, type: 3}
      propertyPath: m_Name
      value: RockPlatform2Sidless (24)
      objectReference: {fileID: 0}
    - target: {fileID: 100000, guid: 5535cde355c073a499e465af6a57216c, type: 3}
      propertyPath: m_StaticEditorFlags
      value: 4294967295
      objectReference: {fileID: 0}
    - target: {fileID: 400000, guid: 5535cde355c073a499e465af6a57216c, type: 3}
      propertyPath: m_LocalPosition.x
      value: -15.68
      objectReference: {fileID: 0}
    - target: {fileID: 400000, guid: 5535cde355c073a499e465af6a57216c, type: 3}
      propertyPath: m_LocalPosition.y
      value: 11.608
      objectReference: {fileID: 0}
    - target: {fileID: 400000, guid: 5535cde355c073a499e465af6a57216c, type: 3}
      propertyPath: m_LocalPosition.z
      value: 14.788
      objectReference: {fileID: 0}
    - target: {fileID: 400000, guid: 5535cde355c073a499e465af6a57216c, type: 3}
      propertyPath: m_LocalRotation.x
      value: 0
      objectReference: {fileID: 0}
    - target: {fileID: 400000, guid: 5535cde355c073a499e465af6a57216c, type: 3}
      propertyPath: m_LocalRotation.y
      value: 0.7071068
      objectReference: {fileID: 0}
    - target: {fileID: 400000, guid: 5535cde355c073a499e465af6a57216c, type: 3}
      propertyPath: m_LocalRotation.z
      value: 0
      objectReference: {fileID: 0}
    - target: {fileID: 400000, guid: 5535cde355c073a499e465af6a57216c, type: 3}
      propertyPath: m_LocalRotation.w
      value: 0.7071068
      objectReference: {fileID: 0}
    - target: {fileID: 400000, guid: 5535cde355c073a499e465af6a57216c, type: 3}
      propertyPath: m_RootOrder
      value: 20
      objectReference: {fileID: 0}
    - target: {fileID: 400000, guid: 5535cde355c073a499e465af6a57216c, type: 3}
      propertyPath: m_LocalEulerAnglesHint.y
      value: 90
      objectReference: {fileID: 0}
    m_RemovedComponents: []
  m_SourcePrefab: {fileID: 100100000, guid: 5535cde355c073a499e465af6a57216c, type: 3}
--- !u!4 &4244666952260256848 stripped
Transform:
  m_CorrespondingSourceObject: {fileID: 400000, guid: 5535cde355c073a499e465af6a57216c,
    type: 3}
  m_PrefabInstance: {fileID: 4244666952260656848}
  m_PrefabAsset: {fileID: 0}
--- !u!1001 &4679804081215656170
PrefabInstance:
  m_ObjectHideFlags: 0
  serializedVersion: 2
  m_Modification:
    m_TransformParent: {fileID: 1041005428612274071}
    m_Modifications:
    - target: {fileID: 100000, guid: 5535cde355c073a499e465af6a57216c, type: 3}
      propertyPath: m_Name
      value: RockPlatform2Sidless (10)
      objectReference: {fileID: 0}
    - target: {fileID: 100000, guid: 5535cde355c073a499e465af6a57216c, type: 3}
      propertyPath: m_StaticEditorFlags
      value: 4294967295
      objectReference: {fileID: 0}
    - target: {fileID: 400000, guid: 5535cde355c073a499e465af6a57216c, type: 3}
      propertyPath: m_LocalPosition.x
      value: -7.68
      objectReference: {fileID: 0}
    - target: {fileID: 400000, guid: 5535cde355c073a499e465af6a57216c, type: 3}
      propertyPath: m_LocalPosition.y
      value: 11.61
      objectReference: {fileID: 0}
    - target: {fileID: 400000, guid: 5535cde355c073a499e465af6a57216c, type: 3}
      propertyPath: m_LocalPosition.z
      value: 6.79
      objectReference: {fileID: 0}
    - target: {fileID: 400000, guid: 5535cde355c073a499e465af6a57216c, type: 3}
      propertyPath: m_LocalRotation.x
      value: 0
      objectReference: {fileID: 0}
    - target: {fileID: 400000, guid: 5535cde355c073a499e465af6a57216c, type: 3}
      propertyPath: m_LocalRotation.y
      value: 1
      objectReference: {fileID: 0}
    - target: {fileID: 400000, guid: 5535cde355c073a499e465af6a57216c, type: 3}
      propertyPath: m_LocalRotation.z
      value: 0
      objectReference: {fileID: 0}
    - target: {fileID: 400000, guid: 5535cde355c073a499e465af6a57216c, type: 3}
      propertyPath: m_LocalRotation.w
      value: 0
      objectReference: {fileID: 0}
    - target: {fileID: 400000, guid: 5535cde355c073a499e465af6a57216c, type: 3}
      propertyPath: m_RootOrder
      value: 23
      objectReference: {fileID: 0}
    - target: {fileID: 400000, guid: 5535cde355c073a499e465af6a57216c, type: 3}
      propertyPath: m_LocalEulerAnglesHint.y
      value: 180
      objectReference: {fileID: 0}
    m_RemovedComponents: []
  m_SourcePrefab: {fileID: 100100000, guid: 5535cde355c073a499e465af6a57216c, type: 3}
--- !u!4 &4679804081216047722 stripped
Transform:
  m_CorrespondingSourceObject: {fileID: 400000, guid: 5535cde355c073a499e465af6a57216c,
    type: 3}
  m_PrefabInstance: {fileID: 4679804081215656170}
  m_PrefabAsset: {fileID: 0}
--- !u!1001 &5744926767286330042
PrefabInstance:
  m_ObjectHideFlags: 0
  serializedVersion: 2
  m_Modification:
    m_TransformParent: {fileID: 1041005428612274071}
    m_Modifications:
    - target: {fileID: 100000, guid: 5535cde355c073a499e465af6a57216c, type: 3}
      propertyPath: m_Name
      value: RockPlatform2Sidless (22)
      objectReference: {fileID: 0}
    - target: {fileID: 100000, guid: 5535cde355c073a499e465af6a57216c, type: 3}
      propertyPath: m_StaticEditorFlags
      value: 4294967295
      objectReference: {fileID: 0}
    - target: {fileID: 400000, guid: 5535cde355c073a499e465af6a57216c, type: 3}
      propertyPath: m_LocalPosition.x
      value: -23.68
      objectReference: {fileID: 0}
    - target: {fileID: 400000, guid: 5535cde355c073a499e465af6a57216c, type: 3}
      propertyPath: m_LocalPosition.y
      value: 11.608
      objectReference: {fileID: 0}
    - target: {fileID: 400000, guid: 5535cde355c073a499e465af6a57216c, type: 3}
      propertyPath: m_LocalPosition.z
      value: 14.788
      objectReference: {fileID: 0}
    - target: {fileID: 400000, guid: 5535cde355c073a499e465af6a57216c, type: 3}
      propertyPath: m_LocalRotation.x
      value: 0
      objectReference: {fileID: 0}
    - target: {fileID: 400000, guid: 5535cde355c073a499e465af6a57216c, type: 3}
      propertyPath: m_LocalRotation.y
      value: 0.7071068
      objectReference: {fileID: 0}
    - target: {fileID: 400000, guid: 5535cde355c073a499e465af6a57216c, type: 3}
      propertyPath: m_LocalRotation.z
      value: 0
      objectReference: {fileID: 0}
    - target: {fileID: 400000, guid: 5535cde355c073a499e465af6a57216c, type: 3}
      propertyPath: m_LocalRotation.w
      value: 0.7071068
      objectReference: {fileID: 0}
    - target: {fileID: 400000, guid: 5535cde355c073a499e465af6a57216c, type: 3}
      propertyPath: m_RootOrder
      value: 18
      objectReference: {fileID: 0}
    - target: {fileID: 400000, guid: 5535cde355c073a499e465af6a57216c, type: 3}
      propertyPath: m_LocalEulerAnglesHint.y
      value: 90
      objectReference: {fileID: 0}
    m_RemovedComponents: []
  m_SourcePrefab: {fileID: 100100000, guid: 5535cde355c073a499e465af6a57216c, type: 3}
--- !u!4 &5744926767286204474 stripped
Transform:
  m_CorrespondingSourceObject: {fileID: 400000, guid: 5535cde355c073a499e465af6a57216c,
    type: 3}
  m_PrefabInstance: {fileID: 5744926767286330042}
  m_PrefabAsset: {fileID: 0}
--- !u!1001 &5801215428858615936
PrefabInstance:
  m_ObjectHideFlags: 0
  serializedVersion: 2
  m_Modification:
    m_TransformParent: {fileID: 1041005428612274071}
    m_Modifications:
    - target: {fileID: 100000, guid: 5535cde355c073a499e465af6a57216c, type: 3}
      propertyPath: m_Name
      value: RockPlatform2Sidless (23)
      objectReference: {fileID: 0}
    - target: {fileID: 100000, guid: 5535cde355c073a499e465af6a57216c, type: 3}
      propertyPath: m_StaticEditorFlags
      value: 4294967295
      objectReference: {fileID: 0}
    - target: {fileID: 400000, guid: 5535cde355c073a499e465af6a57216c, type: 3}
      propertyPath: m_LocalPosition.x
      value: -19.68
      objectReference: {fileID: 0}
    - target: {fileID: 400000, guid: 5535cde355c073a499e465af6a57216c, type: 3}
      propertyPath: m_LocalPosition.y
      value: 11.608
      objectReference: {fileID: 0}
    - target: {fileID: 400000, guid: 5535cde355c073a499e465af6a57216c, type: 3}
      propertyPath: m_LocalPosition.z
      value: 14.788
      objectReference: {fileID: 0}
    - target: {fileID: 400000, guid: 5535cde355c073a499e465af6a57216c, type: 3}
      propertyPath: m_LocalRotation.x
      value: 0
      objectReference: {fileID: 0}
    - target: {fileID: 400000, guid: 5535cde355c073a499e465af6a57216c, type: 3}
      propertyPath: m_LocalRotation.y
      value: 0.7071068
      objectReference: {fileID: 0}
    - target: {fileID: 400000, guid: 5535cde355c073a499e465af6a57216c, type: 3}
      propertyPath: m_LocalRotation.z
      value: 0
      objectReference: {fileID: 0}
    - target: {fileID: 400000, guid: 5535cde355c073a499e465af6a57216c, type: 3}
      propertyPath: m_LocalRotation.w
      value: 0.7071068
      objectReference: {fileID: 0}
    - target: {fileID: 400000, guid: 5535cde355c073a499e465af6a57216c, type: 3}
      propertyPath: m_RootOrder
      value: 19
      objectReference: {fileID: 0}
    - target: {fileID: 400000, guid: 5535cde355c073a499e465af6a57216c, type: 3}
      propertyPath: m_LocalEulerAnglesHint.y
      value: 90
      objectReference: {fileID: 0}
    m_RemovedComponents: []
  m_SourcePrefab: {fileID: 100100000, guid: 5535cde355c073a499e465af6a57216c, type: 3}
--- !u!4 &5801215428858741248 stripped
Transform:
  m_CorrespondingSourceObject: {fileID: 400000, guid: 5535cde355c073a499e465af6a57216c,
    type: 3}
  m_PrefabInstance: {fileID: 5801215428858615936}
  m_PrefabAsset: {fileID: 0}
--- !u!1001 &6150319522603247087
PrefabInstance:
  m_ObjectHideFlags: 0
  serializedVersion: 2
  m_Modification:
    m_TransformParent: {fileID: 1041005428612274071}
    m_Modifications:
    - target: {fileID: 100000, guid: 5535cde355c073a499e465af6a57216c, type: 3}
      propertyPath: m_Name
      value: RockPlatform2Sidless (12)
      objectReference: {fileID: 0}
    - target: {fileID: 100000, guid: 5535cde355c073a499e465af6a57216c, type: 3}
      propertyPath: m_StaticEditorFlags
      value: 4294967295
      objectReference: {fileID: 0}
    - target: {fileID: 400000, guid: 5535cde355c073a499e465af6a57216c, type: 3}
      propertyPath: m_LocalPosition.x
      value: -7.68
      objectReference: {fileID: 0}
    - target: {fileID: 400000, guid: 5535cde355c073a499e465af6a57216c, type: 3}
      propertyPath: m_LocalPosition.y
      value: 11.61
      objectReference: {fileID: 0}
    - target: {fileID: 400000, guid: 5535cde355c073a499e465af6a57216c, type: 3}
      propertyPath: m_LocalPosition.z
      value: -5.21
      objectReference: {fileID: 0}
    - target: {fileID: 400000, guid: 5535cde355c073a499e465af6a57216c, type: 3}
      propertyPath: m_LocalRotation.x
      value: 0
      objectReference: {fileID: 0}
    - target: {fileID: 400000, guid: 5535cde355c073a499e465af6a57216c, type: 3}
      propertyPath: m_LocalRotation.y
      value: 1
      objectReference: {fileID: 0}
    - target: {fileID: 400000, guid: 5535cde355c073a499e465af6a57216c, type: 3}
      propertyPath: m_LocalRotation.z
      value: 0
      objectReference: {fileID: 0}
    - target: {fileID: 400000, guid: 5535cde355c073a499e465af6a57216c, type: 3}
      propertyPath: m_LocalRotation.w
      value: 0
      objectReference: {fileID: 0}
    - target: {fileID: 400000, guid: 5535cde355c073a499e465af6a57216c, type: 3}
      propertyPath: m_RootOrder
      value: 25
      objectReference: {fileID: 0}
    - target: {fileID: 400000, guid: 5535cde355c073a499e465af6a57216c, type: 3}
      propertyPath: m_LocalEulerAnglesHint.y
      value: 180
      objectReference: {fileID: 0}
    m_RemovedComponents: []
  m_SourcePrefab: {fileID: 100100000, guid: 5535cde355c073a499e465af6a57216c, type: 3}
--- !u!4 &6150319522603384687 stripped
Transform:
  m_CorrespondingSourceObject: {fileID: 400000, guid: 5535cde355c073a499e465af6a57216c,
    type: 3}
  m_PrefabInstance: {fileID: 6150319522603247087}
  m_PrefabAsset: {fileID: 0}
--- !u!1001 &6525763956328574683
PrefabInstance:
  m_ObjectHideFlags: 0
  serializedVersion: 2
  m_Modification:
    m_TransformParent: {fileID: 1041005428612274071}
    m_Modifications:
    - target: {fileID: 100000, guid: fe74bd959d3a0f540933cb4f8036170b, type: 3}
      propertyPath: m_Name
      value: RockPlatform1Corner (11)
      objectReference: {fileID: 0}
    - target: {fileID: 100000, guid: fe74bd959d3a0f540933cb4f8036170b, type: 3}
      propertyPath: m_StaticEditorFlags
      value: 4294967295
      objectReference: {fileID: 0}
    - target: {fileID: 400000, guid: fe74bd959d3a0f540933cb4f8036170b, type: 3}
      propertyPath: m_LocalPosition.x
      value: -11.74
      objectReference: {fileID: 0}
    - target: {fileID: 400000, guid: fe74bd959d3a0f540933cb4f8036170b, type: 3}
      propertyPath: m_LocalPosition.y
      value: 11.608
      objectReference: {fileID: 0}
    - target: {fileID: 400000, guid: fe74bd959d3a0f540933cb4f8036170b, type: 3}
      propertyPath: m_LocalPosition.z
      value: -9.22
      objectReference: {fileID: 0}
    - target: {fileID: 400000, guid: fe74bd959d3a0f540933cb4f8036170b, type: 3}
      propertyPath: m_LocalRotation.x
      value: 0
      objectReference: {fileID: 0}
    - target: {fileID: 400000, guid: fe74bd959d3a0f540933cb4f8036170b, type: 3}
      propertyPath: m_LocalRotation.y
      value: 1
      objectReference: {fileID: 0}
    - target: {fileID: 400000, guid: fe74bd959d3a0f540933cb4f8036170b, type: 3}
      propertyPath: m_LocalRotation.z
      value: 0
      objectReference: {fileID: 0}
    - target: {fileID: 400000, guid: fe74bd959d3a0f540933cb4f8036170b, type: 3}
      propertyPath: m_LocalRotation.w
      value: 0
      objectReference: {fileID: 0}
    - target: {fileID: 400000, guid: fe74bd959d3a0f540933cb4f8036170b, type: 3}
      propertyPath: m_RootOrder
      value: 22
      objectReference: {fileID: 0}
    - target: {fileID: 400000, guid: fe74bd959d3a0f540933cb4f8036170b, type: 3}
      propertyPath: m_LocalEulerAnglesHint.y
      value: 180
      objectReference: {fileID: 0}
    m_RemovedComponents: []
  m_SourcePrefab: {fileID: 100100000, guid: fe74bd959d3a0f540933cb4f8036170b, type: 3}
--- !u!4 &6525763956328707163 stripped
Transform:
  m_CorrespondingSourceObject: {fileID: 400000, guid: fe74bd959d3a0f540933cb4f8036170b,
    type: 3}
  m_PrefabInstance: {fileID: 6525763956328574683}
  m_PrefabAsset: {fileID: 0}
--- !u!1001 &7536497064424078043
PrefabInstance:
  m_ObjectHideFlags: 0
  serializedVersion: 2
  m_Modification:
    m_TransformParent: {fileID: 1041005428612274071}
    m_Modifications:
    - target: {fileID: 100000, guid: 5535cde355c073a499e465af6a57216c, type: 3}
      propertyPath: m_Name
      value: RockPlatform2Sidless (13)
      objectReference: {fileID: 0}
    - target: {fileID: 100000, guid: 5535cde355c073a499e465af6a57216c, type: 3}
      propertyPath: m_StaticEditorFlags
      value: 4294967295
      objectReference: {fileID: 0}
    - target: {fileID: 400000, guid: 5535cde355c073a499e465af6a57216c, type: 3}
      propertyPath: m_LocalPosition.x
      value: -7.68
      objectReference: {fileID: 0}
    - target: {fileID: 400000, guid: 5535cde355c073a499e465af6a57216c, type: 3}
      propertyPath: m_LocalPosition.y
      value: 11.61
      objectReference: {fileID: 0}
    - target: {fileID: 400000, guid: 5535cde355c073a499e465af6a57216c, type: 3}
      propertyPath: m_LocalPosition.z
      value: -1.21
      objectReference: {fileID: 0}
    - target: {fileID: 400000, guid: 5535cde355c073a499e465af6a57216c, type: 3}
      propertyPath: m_LocalRotation.x
      value: 0
      objectReference: {fileID: 0}
    - target: {fileID: 400000, guid: 5535cde355c073a499e465af6a57216c, type: 3}
      propertyPath: m_LocalRotation.y
      value: 1
      objectReference: {fileID: 0}
    - target: {fileID: 400000, guid: 5535cde355c073a499e465af6a57216c, type: 3}
      propertyPath: m_LocalRotation.z
      value: 0
      objectReference: {fileID: 0}
    - target: {fileID: 400000, guid: 5535cde355c073a499e465af6a57216c, type: 3}
      propertyPath: m_LocalRotation.w
      value: 0
      objectReference: {fileID: 0}
    - target: {fileID: 400000, guid: 5535cde355c073a499e465af6a57216c, type: 3}
      propertyPath: m_RootOrder
      value: 26
      objectReference: {fileID: 0}
    - target: {fileID: 400000, guid: 5535cde355c073a499e465af6a57216c, type: 3}
      propertyPath: m_LocalEulerAnglesHint.y
      value: 180
      objectReference: {fileID: 0}
    m_RemovedComponents: []
  m_SourcePrefab: {fileID: 100100000, guid: 5535cde355c073a499e465af6a57216c, type: 3}
--- !u!4 &7536497064423940187 stripped
Transform:
  m_CorrespondingSourceObject: {fileID: 400000, guid: 5535cde355c073a499e465af6a57216c,
    type: 3}
  m_PrefabInstance: {fileID: 7536497064424078043}
  m_PrefabAsset: {fileID: 0}
